2293 3796
1147 175 1173 215 6

429 323 695 369 Structurae
734 322 851 369 cutis
882 323 1081 369 rationes
1110 323 1207 382 jam
1244 323 1378 370 oculo
1413 323 1571 370 inermi
1595 326 1824 384 ,tactuque
1858 324 2054 371 animad-

290 412 534 459 vertendae
569 413 659 459 hoc
694 413 796 460 loco
832 426 922 460 non
958 414 1169 461 videntur
1204 415 1394 460 uberius
1429 415 1726 473 exponendae
1755 428 1872 473 esse,
1912 429 2053 476 quon-

287 501 375 548 iam
425 503 530 549 illae
582 504 639 549 ab
693 504 734 550 H
746 504 899 550 eckel
945 503 1042 563 jam
1098 504 1208 550 satis
1263 505 1534 562 explanatae
1589 509 1706 553 sunt.
1772 507 1891 554 Satis
1929 507 2048 554 duco

286 593 518 650 attulisse,
575 598 765 653 excepta
800 598 903 641 cute
935 595 1196 642 inferiorem
1231 596 1373 641 cranii
1404 596 1568 642 faciem
1603 597 1873 655 obtegente,
1929 610 2048 657 quae

286 683 468 742 quidem
506 685 707 744 squamis
746 686 925 732 omnino
965 689 1110 742 caret,
1148 687 1570 746 Scaphirhynchum
1605 700 1657 734 ex
1692 691 1823 748 parte
1859 689 2047 735 maxima

284 775 499 833 squamiS,
534 788 635 822 cum
668 776 791 822 corio
827 778 951 823 arcte
979 777 1346 834 cohaerentibUS,
1385 780 1554 825 tectum
1580 792 1698 826 esse.
1748 780 2045 827 Nihilominus

281 867 436 924 aptum
467 878 571 913 esse
602 865 888 925 judicamUS,
939 870 1088 914 cutem
1121 881 1431 928 squamasque
1465 869 1709 929 separatim
1747 870 2043 918 considerari.

715 1017 802 1067 A.
871 1012 992 1068 De
1026 1014 1231 1068 cutis
1268 1028 1604 1082 organo,

412 1141 775 1201 Scapliirhynchi
811 1143 985 1190 corium
1021 1143 1067 1189 in
1106 1144 1350 1202 segmentis
1387 1144 1747 1191 horizontalibus
1785 1144 1904 1191 telae
1940 1157 2043 1192 con-

267 1229 507 1290 junctivae
540 1234 816 1304 fasciculoS,
852 1236 1019 1295 quibus
1053 1236 1350 1282 constitutum
1387 1238 1479 1291 est,
1516 1236 1579 1282 ita
1612 1235 1859 1295 dispositos
1892 1238 2039 1282 osten-

274 1323 363 1381 dit,
415 1329 466 1372 ut
496 1326 707 1373 fasciculi
742 1326 909 1385 singuli
946 1327 1061 1374 alter
1092 1326 1223 1373 alteri
1255 1326 1596 1386 superimpositi
1627 1339 1711 1386 per
1745 1330 1887 1374 strata
1921 1327 2039 1373 inter

273 1429 322 1464 se
362 1417 677 1465 decussentur.
747 1417 947 1474 Quorum
993 1421 1239 1465 stratorum
1283 1418 1507 1465 decursus
1556 1431 1645 1465 non
1696 1421 1785 1465 tam
1829 1418 2034 1465 animalis

267 1509 543 1568 longitudini
576 1512 621 1557 et
650 1509 898 1567 latitudini,
934 1523 1068 1569 quam
1104 1510 1342 1557 directioni
1376 1511 1605 1569 diagonali
1636 1510 1900 1570 respondet.

401 1602 562 1662 Itaque
601 1603 836 1659 segmenta
879 1601 992 1648 corii
1027 1601 1085 1647 ad
1119 1602 1499 1661 perpendiculum
1531 1604 1655 1649 facta
1688 1602 1877 1649 eandem
1907 1615 2037 1661 prae-

265 1693 374 1740 bent
405 1693 733 1740 fasciculorum
766 1693 1126 1752 dispositionem,
1164 1706 1299 1752 quam
1333 1695 1377 1740 et
1409 1693 1621 1753 Leydig
1653 1690 1690 1755 ยน)
1718 1693 1763 1739 in
1785 1675 2033 1752 Polyptero

265 1785 458 1842 reperit,
514 1788 558 1831 et
605 1782 892 1846 Brakel2)
946 1785 992 1831 in
1040 1785 1250 1843 Sphyrna
1304 1785 1467 1831 malleo
1514 1785 1741 1832 inventam
1775 1784 2031 1831 delineavit.
2105 1811 2109 1815 -

263 1876 514 1934 Fasciculi,
569 1877 738 1935 angulo
786 1889 934 1936 paene
983 1878 1137 1932 rect0,
1191 1888 1275 1935 per
1308 1878 1449 1922 strata
1480 1877 1595 1922 inter
1630 1888 1678 1922 se
1713 1875 2031 1932 decussantur,

263 1980 354 2027 quo
395 1969 470 2024 fit,
523 1971 574 2016 ut
617 1971 899 2027 segmentum
935 1971 1248 2015 transversum
1285 1968 1417 2015 nobis
1462 1970 1506 2014 et
1549 1967 1760 2014 fasciculi
1790 1967 1926 2013 unius
1959 1967 2034 2014 de-

263 2072 404 2106 cursu
439 2059 662 2118 parallelo
696 2060 883 2106 dissecti
929 2063 974 2107 et
1016 2059 1316 2119 complurium
1367 2060 1694 2107 fasciculorum
1743 2059 2033 2107 transversim

258 2154 572 2211 persectorum
604 2152 838 2210 imagineS,
872 2153 1060 2199 alteram
1096 2166 1237 2211 super
1268 2152 1482 2208 alteram,
1516 2151 1756 2210 regulatim
1786 2151 2028 2207 varianteS,

260 2244 438 2289 offerat.
508 2243 801 2301 Singulorum
832 2242 1161 2291 fasciculorum
1195 2244 1452 2291 crassitudo
1487 2243 1666 2290 diversa
1699 2246 1791 2299 est,
1825 2243 1873 2289 id
1905 2241 2030 2302 quod

256 2334 400 2391 primo
442 2346 469 2380 a
515 2335 631 2391 situ,
686 2348 821 2394 quem
863 2335 928 2381 illi
974 2335 1020 2381 in
1065 2338 1326 2383 transversa
1374 2336 1492 2382 cutis
1536 2335 1755 2382 diametro
1803 2333 2027 2390 obtinent,

257 2425 424 2472 deinde
476 2439 584 2473 vero
635 2439 693 2473 ex
745 2426 937 2473 diversis
985 2427 1191 2486 corporis
1239 2426 1507 2484 regionibus
1554 2426 1740 2485 pendet.
1802 2423 1934 2481 Quod
1970 2423 2030 2470 ad

257 2517 456 2576 priorem
487 2518 709 2565 rationem
743 2518 917 2575 attinet,
949 2518 1162 2565 fasciculi
1194 2517 1539 2578 profundissimi
1569 2517 1777 2564 minimae
1804 2518 1909 2563 sunt
1933 2515 2030 2562 lati-

256 2608 443 2666 tudiniS,
480 2609 586 2656 inde
617 2622 769 2669 usque
801 2610 861 2656 ad
893 2613 1066 2669 partem
1100 2611 1294 2658 mediam
1333 2610 1540 2658 crassitie
1573 2612 1815 2667 augentur,
1853 2621 1909 2655 ac
1934 2621 2029 2654 sur-

256 2713 369 2756 sum,
404 2700 463 2746 ad
492 2700 677 2747 limitem
715 2703 952 2748 externum
985 2714 1160 2759 verSUS,
1195 2702 1488 2760 angustiores
1524 2702 1759 2761 apparent.
1816 2699 1864 2747 Si
1889 2710 2027 2759 quae-

254 2793 404 2848 ratur,
458 2795 628 2851 quanta
672 2792 729 2839 sit
779 2793 1108 2840 fasciculorum
1160 2793 1417 2840 crassitudo
1453 2793 1499 2839 in
1534 2792 1725 2839 diversis
1761 2790 2024 2851 superficiei

255 2882 460 2941 corporis
496 2883 624 2940 lociS,
658 2883 742 2929 has
779 2885 879 2931 sere
915 2884 1219 2932 dimensiones
1251 2884 1503 2932 invenimus
1528 2882 1608 2946 3):
1652 2883 1698 2931 in
1731 2885 1836 2931 cute
1867 2882 2024 2930 dorsi:

385 3074 424 3119 1)
472 3075 497 3109 1.
527 3086 554 3110 c.
583 3086 666 3120 pag.
695 3075 750 3111 41.

386 3143 426 3186 2)
474 3143 529 3176 Do
557 3146 648 3178 cutis
675 3155 814 3189 organo
840 3146 1072 3189 quorundam
1105 3147 1325 3181 animalium
1355 3146 1496 3181 ordinis
1520 3146 1857 3192 Plagiostomorum
1882 3144 2017 3192 disqui-

253 3200 309 3235 sit.
337 3202 589 3246 microscopic.
641 3203 797 3237 Dissert.
826 3204 995 3248 inaugur.
1046 3205 1201 3249 Dorpati
1226 3205 1325 3238 1858.
1376 3204 1455 3249 Fig.
1484 3204 1580 3239 XIII.

387 3269 432 3313 3)
480 3270 581 3313 Quae
606 3272 834 3308 mensuratio
860 3282 901 3307 eo
918 3274 1037 3317 magis
1054 3275 1199 3308 tantum
1217 3272 1491 3318 quodammodo
1510 3276 1606 3308 certa
1624 3271 1795 3310 habenda
1812 3276 1877 3319 est,
1905 3272 2014 3319 quod,
