2293 3796
258 940 298 1005 Ι.
397 941 476 1003 De
526 940 927 1016 integumento
976 936 1271 1000 communi
1321 933 1797 1012 Scaphirhynchi.

279 1141 517 1247 Dignitas
555 1188 824 1243 studiorum,
865 1186 1035 1247 quibus
1073 1183 1340 1243 Agassiz,
1395 1182 1464 1230 vir
1501 1182 1805 1240 clarissimus,
1849 1196 1920 1242 sy-

146 1284 289 1330 stema
326 1295 459 1328 suum
494 1281 689 1340 piscium
722 1279 967 1336 fossilium,
1003 1277 1206 1338 squamis
1239 1275 1499 1336 ceterisque
1530 1275 1688 1323 sceleti
1712 1275 1922 1335 partibus

144 1374 190 1420 in
228 1373 421 1420 diversis
454 1375 604 1419 terrae
637 1371 791 1418 stratis
827 1369 1021 1418 inventis
1058 1369 1273 1425 innixum,
1309 1367 1368 1414 ad
1397 1367 1548 1427 pisces
1573 1380 1696 1414 nunc
1719 1367 1921 1414 viventes

146 1466 396 1512 transferre
443 1466 637 1511 conatus
681 1466 772 1520 est,
828 1461 1211 1523 quemadmodum
1242 1460 1340 1520 jam
1376 1461 1576 1507 Joannes
1613 1459 1858 1507 Mueller
1883 1456 1922 1521 1)

144 1556 267 1613 dixit,
295 1555 546 1615 praecipue
567 1554 673 1601 inde
695 1554 939 1614 dependet,
966 1556 1017 1601 ut
1038 1566 1195 1601 verum
1215 1553 1286 1609 sit,
1320 1552 1446 1612 quod
1467 1551 1791 1612 praesumitur,
1820 1564 1924 1598 cum

144 1647 486 1695 diversitatibus
524 1646 831 1705 gravissimiS,
867 1659 987 1706 quae
1021 1646 1068 1692 in
1102 1645 1309 1706 reliquiis
1340 1644 1640 1704 integumenti
1673 1644 1923 1692 communis

144 1739 397 1799 sceletique
435 1739 751 1794 observentur,
792 1750 943 1798 aeque
978 1750 1146 1796 magna
1183 1737 1324 1784 1011115
1352 1736 1640 1784 formationis
1666 1736 1927 1783 discrimina

144 1831 389 1892 conjuncta
426 1843 544 1877 esse.
613 1829 748 1886 Quod
801 1831 980 1889 spectat
1026 1829 1086 1876 ad
1137 1828 1476 1876 Ganoideorum
1530 1827 1813 1875 subclassem
1866 1828 1924 1874 ab

143 1924 384 1983 Agassiz
420 1923 633 1983 positam,
672 1924 874 1970 Joannes
902 1922 1159 1978 Mueller,
1199 1921 1383 1969 duobus
1413 1920 1576 1977 uniciS,
1617 1932 1752 1980 quae,
1790 1933 1927 1980 squa-

142 2029 317 2063 marum
368 2015 547 2062 ratione
606 2015 790 2072 habita,
847 2014 964 2061 inter
1016 2015 1172 2074 pisces
1235 2026 1357 2060 nunc
1402 2013 1604 2060 viventes
1651 2015 1923 2071 supersunt,

143 2107 284 2167 hujus
320 2119 516 2165 magnae
554 2106 807 2153 subclassis
846 2106 1095 2166 exemplis,
1150 2105 1359 2152 nimirum
1396 2105 1672 2165 Lepidosteo
1712 2108 1757 2151 et
1792 2105 1926 2164 Poly-

143 2203 298 2259 ptero,
333 2199 626 2260 perquisitiS,
677 2198 1009 2257 respondentes
1053 2197 1340 2245 formationis
1376 2197 1580 2243 internae
1622 2196 1928 2256 proprietates

146 2292 496 2349 demonstravit,
548 2294 689 2352 atque
742 2291 998 2338 secundum
1052 2303 1131 2337 eas
1177 2292 1377 2349 systema
1422 2289 1669 2336 constituit.
1752 2288 1928 2345 Quodsi

144 2387 333 2445 propter
378 2387 556 2432 ceteras
604 2386 737 2431 notas
782 2383 1062 2431 anatomicas
1101 2382 1480 2442 Scaphirhyncho
1519 2394 1707 2442 quoque
1749 2381 1795 2427 in
1839 2381 1928 2427 hac

149 2476 389 2524 subclasse
425 2476 557 2523 locus
594 2475 902 2534 assignandus
940 2475 1051 2532 suit,
1100 2475 1147 2521 in
1179 2477 1398 2534 promptu
1436 2477 1526 2531 est,
1573 2474 1707 2520 etiam
1743 2473 1788 2519 in
1825 2472 1928 2531 ejus

146 2568 300 2615 indole
326 2570 517 2616 externa
541 2567 859 2623 investiganda
885 2567 945 2614 ad
968 2566 1296 2626 Lepidosteum
1333 2568 1378 2613 et
1402 2565 1697 2625 Polypterum
1733 2565 1927 2622 recurri,

145 2673 237 2721 qua
272 2661 318 2707 in
358 2673 409 2708 re
454 2660 800 2721 disquisitiones
837 2673 864 2707 a
888 2659 1101 2719 Leydig
1123 2656 1172 2720 2)
1208 2661 1373 2715 factaS,
1424 2670 1479 2705 ac
1504 2657 1927 2704 commentationem

144 2765 293 2812 nuper
338 2752 396 2800 de
439 2753 602 2800 horum
647 2753 844 2802 duorum
886 2752 1084 2812 piscium
1130 2752 1333 2813 squamis
1371 2763 1398 2798 a
1432 2747 1785 2812 3615511613)
1824 2762 1928 2797 con-

145 2844 362 2903 scriptam
399 2857 584 2905 sequar.

280 3072 324 3118 1)
371 3071 397 3107 1.
425 3084 454 3108 c.
482 3083 566 3118 pag.
594 3072 672 3108 117.

281 3141 321 3185 2)
370 3141 583 3177 Zeitschrift
606 3143 666 3176 fiir
690 3141 1048 3177 wissenschaftliche
1074 3141 1262 3186 Zoologie.
1309 3140 1378 3175 Bd.
1406 3139 1438 3174 5.
1484 3137 1636 3183 Leipzig
1659 3136 1761 3173 1854.
1805 3137 1926 3173 Histo-

148 3196 314 3243 logische
337 3199 626 3245 Bemerkungen
649 3200 743 3235 iiber
769 3200 992 3245 Polypterus
1017 3199 1174 3243 bichir.,
1202 3209 1286 3243 pag.
1316 3197 1371 3232 40.

285 3267 322 3311 3)
370 3268 511 3303 Archiv
543 3269 603 3303 fiir
626 3268 845 3314 Anatomie,
885 3269 1130 3314 Physiologie
1161 3267 1238 3303 und
1262 3264 1546 3302 wissenschaftl.
1574 3263 1745 3299 Medicin.
1795 3263 1924 3311 Jahrg

147 3325 250 3361 1859.
299 3325 387 3361 Hert,
405 3325 448 3370 2,
473 3337 558 3372 pag.
584 3325 664 3362 254.

1561 3392 1583 3443 1
1602 3392 1621 3414 20<
