2293 3796
1113 181 1174 246 734

272 338 322 382 ut
352 348 573 394 pancreas
619 335 745 381 illam
784 347 886 381 esse
921 333 1161 381 verisimile
1197 333 1303 380 mihi
1340 333 1574 390 videatur,
1624 338 1821 383 attamen
1857 335 2023 382 ductus

274 426 530 482 evehenteS,
569 429 619 472 ut
655 439 795 485 supra
824 425 921 484 jam
952 425 1059 480 dixi,
1098 424 1221 470 nullo
1257 423 1392 469 modo
1424 423 1769 482 deprehendere
1805 425 1980 485 potui.“

406 514 673 578 Brandt1)
727 514 1050 574 Accipenseris
1103 526 1326 572 pancreas
1389 526 1582 560 massam
1633 516 1877 575 simplicem
1925 528 2028 563 esse

276 607 398 662 dicit,
437 619 571 666 quam
607 606 651 652 in
676 606 985 663 Accipensere
1013 603 1420 650 Gueldenstaedttii
1445 605 1732 652 rotundatam
1766 609 1810 652 et
1846 619 1923 653 sex
1955 620 2029 653 an-

273 699 508 756 gulorum,
563 697 609 743 in
643 696 952 754 Accipensere
989 696 1190 742 sturione
1234 696 1342 742 falci
1385 696 1594 752 similem,
1642 697 1931 744 reniformem
1967 698 2030 744 in-

273 789 460 836 venerit.
533 785 860 849 stannius2)
898 800 950 833 ex
986 787 1194 833 omnibus
1233 787 1474 835 Ganoideis
1510 788 1555 833 in
1593 787 1690 834 solo
1723 788 2031 847 Accipensere

273 893 493 940 pancreas
520 880 809 926 observatum
845 891 946 925 esse
983 880 1136 935 refert,
1176 881 1219 924 et
1253 878 1351 937 ipse
1378 891 1564 938 quoque
1589 881 1693 925 ante
1717 879 2033 925 Alessandrini

276 971 553 1032 appendices
589 970 818 1029 pyloricas
845 969 889 1015 in
921 969 1125 1028 piscibus
1159 969 1316 1015 obvias
1341 983 1425 1028 pro
1454 982 1625 1027 organo
1653 969 1887 1029 pancreati
1914 969 2037 1026 glan-

277 1063 412 1109 dulae
449 1060 742 1120 respondenti
788 1060 967 1106 habitas
1004 1072 1106 1106 esse
1143 1063 1348 1106 testatur.
1422 1060 1553 1116 Quod
1588 1061 1729 1119 igitur
1763 1061 1822 1106 ad
1861 1060 2038 1107 relatio-

276 1166 378 1200 nem
410 1152 736 1200 Heckelianam
773 1152 944 1208 attinet,
983 1154 1184 1198 statuere
1220 1152 1339 1208 licet,
1380 1164 1495 1206 eum,
1534 1164 1681 1211 aeque
1718 1165 1773 1198 ac
1807 1150 2036 1206 Brandt,

278 1257 471 1300 errasse,
510 1247 554 1290 et
591 1246 683 1290 tum
714 1243 759 1289 in
794 1243 1104 1302 Accipensere
1140 1246 1233 1290 tum
1268 1243 1313 1288 in
1350 1243 1721 1302 Scaphirhyncho
1758 1242 2035 1302 appendices

277 1336 505 1396 pyloricas
547 1348 630 1394 pro
675 1338 920 1394 pancreate
966 1335 1214 1392 putavisse.
1287 1334 1420 1390 Quod
1464 1347 1517 1381 eo
1558 1334 1701 1392 magis
1748 1332 2037 1380 statuendum

281 1430 363 1484 est,
403 1427 511 1487 quia
546 1440 598 1473 ex
633 1426 735 1473 loco
770 1426 902 1473 modo
928 1427 1064 1473 allato
1092 1428 1231 1485 patet,
1264 1426 1585 1484 Accipenseris
1611 1438 1832 1485 pancreas
1858 1424 2038 1471 demum

280 1529 397 1563 anno
442 1513 581 1572 1836,
621 1529 731 1573 ergo
770 1516 952 1571 eodem,
992 1529 1083 1575 quo
1122 1516 1325 1562 Heckel
1363 1517 1781 1564 commentationem
1817 1529 1944 1562 suam
1981 1514 2038 1561 de

280 1608 651 1667 Scaphirhyncho
689 1607 843 1663 edidit,
884 1609 929 1653 et
965 1610 1138 1665 septem
1176 1607 1302 1653 annis
1339 1611 1444 1666 post
1480 1609 1736 1666 zoologiam
1760 1607 1979 1653 medicam
2011 1618 2038 1652 a

281 1700 427 1746 Bran
445 1700 502 1747 dt
538 1703 582 1747 et
615 1699 934 1757 Ratzeburg
968 1698 1147 1754 editam,
1187 1699 1244 1744 ab
1271 1698 1586 1745 Alessandrini
1621 1699 1705 1745 rite
1739 1698 1968 1756 cognitum
1996 1700 2040 1743 et

282 1791 559 1851 descriptum
583 1790 742 1837 fuisse.
786 1791 946 1849 Neque
972 1790 1117 1848 magis
1144 1790 1392 1849 quidquam
1418 1803 1596 1837 massae
1620 1790 1799 1847 longae,
1827 1789 2039 1848 pallidae,

283 1883 512 1928 structura
549 1880 821 1939 glandulosa
850 1880 1098 1938 praeditae,
1139 1894 1272 1939 quam
1298 1880 1536 1939 Wagner
1571 1882 1617 1927 in
1642 1881 1901 1940 Spatularia
1936 1894 2042 1938 pan-

283 1985 412 2019 creas
440 1985 543 2018 esse
569 1971 848 2027 existimavit,
888 1972 1098 2031 equidem
1129 1972 1175 2017 in
1199 1972 1573 2032 Scaphirhyncho
1605 1973 1775 2031 reperi,
1811 1973 1897 2018 nisi
1923 1975 2041 2019 sorte

283 2064 536 2111 funiculum
568 2064 755 2120 longum
792 2063 959 2110 coloris
997 2063 1204 2119 subflavi,
1245 2063 1323 2122 qui
1350 2077 1451 2109 cum
1478 2064 1595 2111 liene
1621 2067 1745 2111 arcte
1772 2063 2042 2122 conjunctus

285 2155 498 2202 duodeno
541 2155 744 2213 proxime
787 2155 1053 2217 adjacebat,
1109 2155 1172 2200 ita
1212 2155 1501 2213 interpretari
1536 2156 1702 2213 placet.
1773 2155 1848 2212 At,
1886 2155 2044 2201 micro-

286 2246 443 2305 scopio
482 2245 701 2302 adhibito,
739 2245 784 2291 in
810 2246 899 2292 hoc
923 2245 1128 2291 funiculo
1156 2248 1326 2292 tantum
1351 2247 1557 2304 guttulae
1582 2247 1800 2305 adiposae
1828 2246 2044 2304 cognosci

288 2341 557 2397 potuerunt,
596 2350 680 2384 nec
720 2337 906 2383 ductum
943 2337 1208 2383 evellentem
1243 2337 1443 2384 invenire
1480 2338 1620 2384 licuit.

424 2429 599 2486 Quodsi
634 2430 677 2475 in
712 2429 852 2487 pisce,
892 2428 949 2475 de
987 2441 1077 2487 quo
1116 2428 1308 2486 agimUS,
1348 2441 1568 2486 pancreas
1606 2441 1760 2475 verum
1796 2441 1885 2475 non
1919 2441 2047 2487 repe-

288 2521 415 2578 ritur,
453 2524 602 2567 tamen
637 2523 833 2568 sortasse
863 2520 972 2579 jure
1010 2521 1147 2567 statui
1183 2521 1403 2579 potuerit,
1455 2521 1599 2567 sinum
1638 2521 1862 2577 duodeni,
1913 2533 2046 2580 quem

289 2615 622 2676 appendicibus
648 2613 866 2673 pyloricis
891 2614 1171 2672 respondere
1210 2614 1420 2668 diximus,
1458 2614 1628 2672 quique
1659 2626 1866 2670 magnam
1894 2623 2048 2670 super-

288 2708 436 2754 ficiem
473 2708 782 2753 secernentem
818 2706 1033 2764 praebet,
1077 2704 1216 2763 hujus
1255 2704 1500 2762 glandulae
1533 2705 1630 2751 vice
1667 2703 1812 2760 fungi,
1850 2702 2047 2761 ideoque

290 2798 540 2846 secundum
572 2800 770 2845 veterem
804 2797 872 2844 rei
916 2797 1337 2856 contemplationem
1373 2795 1530 2842 merito
1567 2807 1650 2854 pro
1687 2796 1932 2853 pancreate
1967 2806 2048 2851 pu-

289 2891 375 2938 tari
410 2903 563 2950 posse.

424 2980 588 3027 Paucis
625 2992 679 3026 ac
719 2979 918 3027 breviter
964 2977 1021 3025 de
1057 2978 1209 3025 vesica
1246 2976 1468 3024 natatoria
1505 2979 1643 3035 atque
1681 2975 1737 3022 de
1773 2975 1890 3022 liene
1931 2987 2048 3021 men-

291 3072 455 3119 tionem
486 3072 699 3131 injiciam,
739 3071 954 3131 quoniam
977 3071 1092 3118 haec
1118 3082 1306 3128 organa,
1346 3068 1533 3124 etiamsi,
1560 3066 1807 3114 functionis
1835 3069 2048 3125 respectu

423 3218 460 3260 1)
507 3217 764 3252 Mediciuisvlic
779 3217 952 3262 Zoologic
967 3228 1038 3252 von
1063 3217 1183 3251 Bran
1195 3216 1244 3252 dt
1270 3228 1303 3251 ll.
1332 3215 1609 3260 Ratzeburg.
1648 3213 1766 3250 Lim,
1801 3212 1930 3248 Berlin
1945 3212 2044 3247 1829.

422 3276 457 3316 2)
503 3276 530 3310 l.
558 3286 587 3309 c.
614 3286 698 3319 pag.
725 3275 804 3309 201.
