2293 3796
1106 191 1158 232 33

258 352 437 401 culatim
473 348 703 409 perruptis
734 346 906 405 figitur.
982 345 1133 391 Lohus
1175 342 1336 387 dexter
1376 340 1423 387 in
1457 340 1756 388 ventriculum
1790 342 2017 389 musculo-

257 457 356 490 sum
401 441 683 500 primamque
735 435 974 485 venti-lculi
1025 437 1199 494 partem
1255 432 1606 479 descendentem
1652 445 1701 479 se
1756 433 2014 493 interponit,

255 533 493 591 magisque
553 532 726 589 partem
790 528 1052 574 inferiorem
1104 539 1265 572 versus
1318 524 1425 571 huic
1478 524 1723 583 posteriori
1777 525 2016 584 impositus

257 626 349 680 est,
409 620 633 681 peritonei
695 619 826 677 plicis
885 618 926 664 ei
986 618 1172 663 affixus.
1282 615 1444 662 Vesica
1495 617 1657 673 fellea,
1717 618 1816 664 fere
1880 617 2017 663 fabae

255 713 609 773 magnitudinem
645 723 864 770 aequanS,
912 710 969 755 ab
1004 708 1185 767 hepatis
1221 708 1475 754 substantia
1510 721 1600 755 non
1637 708 1783 755 cincta
1813 709 2020 768 proxime

256 807 375 854 infra
402 803 701 852 ventriculum
737 801 1050 847 musculosum
1080 799 1200 858 parti
1226 800 1462 846 ventriculi
1488 800 1784 847 descendenti
1808 799 2020 859 imposita

256 899 460 957 apparet.
531 897 704 942 Ductus
743 892 1082 947 choledochuS,
1130 891 1258 937 brevi
1295 895 1539 950 antequam
1575 892 1619 938 in
1655 892 1894 939 ventriculi
1929 905 2022 938 mu-

258 989 431 1037 sculosi
464 988 684 1048 parietem
717 985 924 1045 proxime
961 997 1101 1043 supra
1140 984 1350 1042 pylorum
1379 984 1686 1042 immergitur,
1725 984 1911 1031 ductum
1947 984 2024 1030 he-

258 1082 461 1141 paticnm
499 1079 594 1127 lobi
647 1077 815 1125 sinistri
866 1076 1064 1135 amplum
1116 1075 1293 1134 recipit,
1344 1077 1483 1134 atque
1524 1076 1569 1121 in
1612 1075 1809 1134 papillae
1854 1087 2023 1134 parvae

264 1187 446 1220 sursum
498 1183 748 1219 conversae
797 1169 950 1228 apice,
1005 1169 1251 1226 postquam
1299 1180 1382 1225 per
1434 1166 1623 1226 aliquod
1672 1167 1867 1226 spatium
1909 1167 2027 1213 inter

260 1264 499 1313 ventriculi
558 1263 757 1322 parietes
813 1260 1040 1317 decurrit,
1110 1259 1312 1318 proxime
1375 1258 1496 1304 infra
1553 1258 1816 1305 annularem
1876 1258 2027 1318 pylori

262 1357 486 1405 valvulam
533 1355 579 1402 in
637 1354 901 1401 duodenum
955 1351 1129 1398 transit.
1216 1350 1330 1397 Lobi
1372 1350 1521 1397 dextri
1574 1350 1743 1397 ductus
1790 1351 2030 1411 hepaticus

264 1449 438 1496 directo
475 1449 521 1495 in
569 1447 768 1495 vesicam
807 1445 1014 1500 felleam,
1069 1455 1160 1501 quo
1200 1443 1304 1489 loco
1349 1442 1464 1489 haec
1513 1442 1557 1488 in
1595 1443 1782 1490 ductum
1819 1443 2032 1490 choledo-

264 1541 399 1587 chum
436 1540 551 1595 exit,
605 1538 797 1585 transire
842 1537 1036 1584 videtur.
1119 1534 1383 1581 Pancreatis
1429 1534 1474 1580 in
1522 1534 1726 1591 duobus,
1775 1547 1893 1594 quae
1933 1547 2033 1594 per-

264 1633 442 1694 quisivi,
482 1631 702 1690 exemplis
727 1629 900 1676 nullum
924 1627 1166 1685 vestigium
1192 1626 1537 1685 deprehendere
1562 1626 1706 1685 potui.
1767 1626 1978 1673 Heckel
1994 1623 2031 1688 ¹)

264 1726 333 1782 id,
376 1728 428 1771 ut
471 1724 517 1770 in
550 1723 884 1782 Accipensere,
940 1721 1026 1767 sibi
1071 1720 1300 1779 reperisse
1338 1719 1541 1775 videtur,
1587 1719 1658 1765 his
1697 1719 1846 1765 verbis
1895 1732 2031 1765 usus:

270 1818 372 1878 „ich
402 1816 514 1863 fand
549 1816 631 1862 das
671 1816 715 1861 in
761 1815 860 1861 eine
898 1816 1048 1861 Masse
1085 1813 1335 1870 vereinigte
1371 1810 1649 1868 Pancreas“,
1698 1823 1849 1871 neque
1885 1812 2032 1857 tamen

266 1908 514 1969 quidquam
549 1907 719 1954 certius
759 1906 816 1953 de
854 1919 908 1953 eo
943 1908 1090 1952 affert.

401 2001 457 2048 A.
497 1999 747 2057 Wagner
767 1996 813 2060 2)
851 1998 897 2044 in
931 1998 1204 2056 Spatulariis
1237 1997 1424 2044 ductum
1460 1995 1801 2056 pancreaticum
1832 1993 2034 2041 invenire

265 2095 454 2154 nequiit,
503 2095 642 2152 atque
681 2091 737 2138 de
783 2093 1028 2149 pancreate
1061 2091 1177 2137 haec
1211 2090 1297 2136 ait:
1367 2089 1624 2150 „Pancreas
1669 2100 1740 2134 me
1784 2087 2032 2143 invenisse,

269 2199 353 2246 pro
391 2188 517 2233 certo
553 2185 784 2231 affirmare
816 2196 906 2229 non
943 2195 1145 2241 possum.
1230 2180 1363 2238 Quod
1405 2180 1570 2227 Cuvier
1613 2178 1739 2238 apud
1780 2178 2037 2238 Polyodon-

272 2281 375 2335 tem,
413 2277 635 2324 Brandt
672 2275 797 2334 apud
831 2275 1089 2323 Sturionem
1113 2287 1339 2334 pancreas
1373 2286 1475 2320 esse
1502 2272 1776 2331 significant,
1814 2270 1925 2316 nihil
1951 2272 2033 2327 est,

269 2369 354 2416 nisi
391 2368 670 2428 appendices
705 2367 954 2426 pyloricae.
1026 2368 1209 2423 Postea,
1249 2369 1300 2413 ut
1335 2366 1380 2412 in
1405 2366 1615 2425 pluribus
1643 2364 1849 2424 piscihus
1875 2376 2031 2410 verum

270 2474 495 2520 pancreas
534 2460 763 2507 inventum
802 2462 884 2516 est,
924 2459 986 2505 ita
1021 2459 1155 2505 etiam
1186 2459 1231 2505 in
1262 2458 1574 2517 Accipensere
1618 2457 1675 2503 ab
1715 2454 2033 2502 Alessandrini

273 2552 403 2615 (novi
430 2554 667 2600 comment.
696 2552 825 2599 acad.
853 2552 1025 2599 Bonon.
1055 2551 1104 2607 II,
1140 2548 1279 2608 1836,
1308 2563 1416 2610 pag.
1450 2548 1561 2607 335,
1589 2550 1696 2596 Tab.
1725 2549 1869 2610 XIV),
1899 2561 2034 2608 quem

274 2646 471 2704 secutus}
509 2644 766 2703 regionem,
832 2643 877 2689 in
925 2657 1015 2703 qua
1069 2644 1202 2690 etiam
1251 2643 1296 2689 in
1349 2623 1626 2702 Spatulariis
1660 2639 2032 2699 Accipenserinis

274 2736 508 2784 simillimis
544 2748 768 2796 pancreas
805 2735 939 2782 situm
979 2748 1081 2782 esse
1117 2735 1269 2794 putari
1300 2734 1463 2793 potuit,
1508 2746 1643 2793 quam
1693 2732 2038 2780 accuratissime

274 2829 527 2890 perquisivi
565 2831 609 2876 et
634 2828 767 2887 juxta
801 2828 986 2874 bursam
1020 2827 1244 2874 entianam
1281 2830 1562 2886 truncosque
1608 2828 1653 2872 et
1697 2837 1840 2872 venae
1882 2826 2037 2883 porta-

276 2935 377 2969 rum
412 2925 458 2969 et
491 2921 686 2968 arteriae
713 2919 944 2966 coeliacae
975 2932 1170 2965 massam
1194 2918 1302 2975 vidi,
1336 2918 1534 2976 longam,
1572 2916 1802 2976 pallidam,
1842 2915 2038 2975 spatium

277 3015 396 3063 inter
436 3014 600 3062 lienem
645 3016 689 3061 et
731 3013 877 3072 hepar
907 3012 1177 3071 implentem.
1262 3010 1405 3068 Quam
1455 3022 1595 3070 quum
1638 3007 1944 3066 microscopio
1981 3007 2044 3053 in-

282 3107 428 3168 spexi,
466 3120 564 3155 eam
600 3118 792 3165 prorsus
824 3103 1143 3164 glandularum
1181 3105 1456 3152 structuram
1493 3102 1664 3150 habere
1699 3099 1936 3162 apparuit,
1978 3098 2043 3147 ita

417 3253 453 3298 1)
503 3254 527 3288 1.
557 3265 585 3288 c.
612 3263 697 3298 pag.
725 3252 779 3287 76.

417 3311 458 3355 2)
505 3312 532 3346 1.
560 3322 588 3347 e.
615 3322 699 3356 pag.
726 3309 772 3346 12
796 3311 831 3345 et
854 3319 929 3355 seq.
