2293 3796
1152 208 1206 248 ⁶20

306 362 357 406 ut
376 359 766 406 duorumlaterum
787 358 978 404 musculi
996 360 1202 403 truncum
1221 357 1502 414 arteriosum,
1524 372 1712 406 arcuum
1731 360 2055 408 branchialium

305 451 495 508 copulae
513 450 783 509 impositum,
822 451 938 496 inter
967 463 1015 495 se
1041 450 1277 507 accipiant.
1337 451 1434 496 Jam
1465 451 1657 497 musculi
1693 465 1832 498 unum
1862 453 1907 499 in
1939 453 2055 500 suni-

306 541 456 587 culum
493 541 642 599 Juncti
689 542 745 586 ab
789 540 1013 586 anteriore
1051 541 1244 585 musculi
1292 541 1563 599 porrigentis
1609 543 1700 589 oris
1747 544 1950 600 margine
1994 544 2053 589 ad

304 634 491 678 stratum
529 631 816 690 superficiale
856 631 1103 689 pertinent,
1155 644 1209 677 ac
1247 631 1395 678 denuo
1440 634 1556 679 inter
1592 646 1640 680 se
1678 634 1937 689 discedunt,
1990 635 2051 680 ita

304 726 353 768 ut
389 723 421 768 X
458 723 616 769 literae
652 725 841 769 sormam
876 725 1101 778 reserant,
1150 725 1194 769 et
1228 723 1521 770 inferioribus
1556 724 1839 771 maxillarum
1873 725 2052 770 inferio-

299 827 399 859 rum
431 814 599 860 1111111113
636 813 910 859 inseruntur.

434 902 478 952 4.
552 904 708 950 Το1101·1
750 905 1057 951 musculorum
1094 905 1304 951 fasciculi
1338 905 1456 966 (Fig.
1487 907 1520 962 I,
1548 919 1587 962 e,
1617 905 1680 967 e),
1721 919 1747 951 a
1780 905 1957 951 maxilla
1989 905 2052 950 in-

297 995 465 1042 feriore
501 995 608 1051 orti,
658 995 703 1041 in
738 996 1059 1051 membranam,
1113 1009 1204 1055 qua
1246 996 1344 1042 cavi
1393 997 1483 1042 oris
1528 997 1699 1043 fundus
1744 996 2048 1051 constituitur,

297 1087 479 1133 abeunt.
553 1086 620 1132 Illi
667 1087 783 1133 1111110
825 1088 1128 1134 membranam
1165 1090 1413 1144 corrugant
1449 1090 1493 1134 et
1527 1088 1816 1146 prodiversa
1839 1087 2049 1133 maxillae

295 1177 522 1225 inferioris
559 1179 786 1238 positione
823 1181 902 1226 aut
942 1178 1000 1225 ad
1037 1191 1088 1225 os
1124 1179 1427 1226 claudendum
1463 1182 1541 1226 aut
1573 1179 1632 1225 ad
1667 1161 1811 1237 magis
1849 1179 2050 1237 aperien-

296 1268 401 1316 dum
436 1270 599 1317 valent.

428 1361 476 1408 Si
511 1374 538 1408 a
575 1361 810 1421 superiore
851 1362 941 1408 oris
977 1361 1178 1419 margine
1214 1374 1364 1420 usque
1401 1361 1460 1408 ad
1496 1364 1727 1409 arcuatam
1762 1361 1899 1408 rostri
1937 1360 2050 1408 exci-

294 1465 444 1499 suram
477 1455 629 1512 partes
667 1452 939 1512 sejunxeris,
979 1453 1128 1499 statim
1167 1452 1285 1498 obvii
1323 1456 1427 1499 sunt

428 1543 471 1591 5.
543 1545 738 1592 Musculi
774 1545 999 1591 levatores
1042 1544 1251 1590 maxillae
1296 1544 1526 1591 inferioris
1574 1544 1692 1604 (Fig.
1732 1542 1776 1601 2,
1812 1558 1838 1591 a
1875 1547 1920 1592 et
1954 1545 2044 1602 Fig.

297 1633 336 1690 1,
377 1636 445 1697 d),
486 1637 577 1696 qui,
617 1637 726 1683 satis
764 1637 927 1693 crassi,
966 1637 1191 1696 utrimque
1225 1636 1413 1693 singuli,
1449 1649 1695 1683 convexam
1730 1637 1941 1683 maxillae
1977 1651 2049 1683 su-

291 1728 485 1785 perioris
520 1729 684 1775 faciem
720 1728 1023 1787 superiorem,
1070 1727 1191 1774 unde
1227 1726 1608 1786 proficiscuntur,
1660 1728 1893 1785 obtegunt.
1961 1729 2048 1775 Per

289 1819 498 1866 lacunam
536 1821 873 1879 triangularem,
912 1821 966 1866 de
1005 1834 1096 1879 qua
1134 1820 1344 1875 diximus,
1383 1819 1583 1878 porrecti
1620 1819 1814 1866 externis
1850 1819 2049 1864 maxilla-

288 1923 387 1956 rum
427 1911 692 1959 inferiorum
745 1914 912 1960 1111111113
956 1913 1161 1972 proxime
1208 1912 1568 1959 articulationem
1615 1911 1887 1958 inseruntur.
1962 1910 2047 1966 Qui

287 2003 505 2059 musculi,
557 2017 695 2063 fluum
730 2005 922 2051 maxillis
958 2005 1251 2051 inferioribus
1294 2004 1352 2050 ad
1397 2004 1657 2063 superiores
1694 2002 1926 2050 trahendis
1973 2001 2047 2048 de-

288 2094 439 2142 stInati
475 2095 576 2152 sint,
614 2097 798 2156 proprie
837 2097 903 2144 ori
940 2097 1194 2144 claudendo
1231 2097 1492 2143 inserviunt.

590 2248 646 2306 b)
718 2246 905 2291 Stratum
937 2247 1212 2307 profundiori.
1285 2244 1416 2305 (Tali.
1454 2244 1505 2300 II,
1549 2244 1642 2301 Fig.
1681 2244 1741 2305 l.)

420 2372 519 2418 Hoc
547 2375 735 2419 stratum
767 2374 818 2418 ut
852 2372 896 2418 in
933 2374 1228 2431 conspectum
1256 2370 1403 2426 detur,
1443 2369 1625 2416 duobus
1650 2369 1867 2415 musculis
1891 2369 2045 2427 primis

287 2464 522 2521 stratoque
555 2464 688 2510 modo
723 2464 951 2523 descripto
988 2467 1031 2510 et
1067 2464 1230 2510 lamina
1267 2461 1499 2522 profunda
1534 2462 1650 2508 cutis
1685 2462 1802 2508 inter
1827 2462 2041 2520 opercula

286 2556 501 2600 extensae
538 2555 728 2611 1111111113,
777 2555 911 2600 01111111
948 2555 1038 2601 duo
1078 2557 1207 2600 scuta
1247 2553 1511 2600 claviculam
1549 2553 1750 2611 tegentia
1787 2552 2038 2599 amovenda

285 2648 410 2701 sunt,
466 2659 557 2705 quo
595 2649 748 2703 sacto,
803 2647 849 2693 in
886 2660 1045 2694 cavum
1082 2646 1401 2693 branchiarum
1438 2646 1713 2704 pervenitur.
1786 2646 1905 2692 Inter
1940 2646 2037 2701 has,

283 2737 495 2794 copulam
533 2749 812 2784 communem
851 2740 1022 2795 tegens,
1060 2738 1231 2797 primus
1265 2738 1495 2797 utrimque
1532 2739 1723 2796 apparet

421 2825 459 2874 1.
524 2829 758 2875 Musculus
795 2831 1017 2874 retractor
1053 2828 1169 2874 ossis
1207 2828 1392 2886 hyoidei
1427 2830 1469 2874 et
1497 2841 1684 2874 arcuum
1709 2828 2038 2874 branchialium

280 2917 409 2979 (Tab.
437 2919 487 2974 ll,
526 2919 620 2977 Fig.
661 2917 701 2975 1,
729 2918 795 2980 a),
832 2920 910 2978 qui
941 2919 1168 2978 utrimque
1205 2920 1262 2965 ab
1298 2919 1473 2966 interna
1509 2919 1630 2966 facie
1664 2919 1856 2966 laminae
1888 2922 2038 2977 poste-

278 3010 410 3056 rioris
448 3010 698 3058 claviculae
737 3011 895 3058 oritur.
956 3011 1085 3057 Circa
1121 3011 1450 3069 longitudinem
1485 3011 1677 3058 mediam
1712 3011 1905 3058 duorum
1929 3011 2038 3058 late-

277 3115 377 3147 rum
413 3103 606 3149 musculi
641 3103 832 3161 propius
877 3103 993 3149 inter
1030 3116 1078 3150 se
1116 3103 1362 3160 accedunt,
1413 3117 1468 3150 ac
1506 3103 1746 3150 nonnullos
1787 3103 2036 3150 fasciculos

276 3192 393 3239 inter
429 3206 478 3240 se
514 3197 774 3252 permutare
808 3194 1031 3249 videntur,
1071 3206 1163 3252 quo
1198 3196 1337 3249 l'actO,
1376 3196 1549 3251 partem
1580 3193 1851 3240 anteriorem
1875 3205 2034 3240 versus

275 3282 425 3331 denuo
462 3284 607 3343 magis
632 3284 749 3332 inter
784 3297 833 3333 se
871 3284 1126 3342 discedunt,
1162 3284 1323 3333 relicta
1357 3285 1538 3344 lacuna,
1574 3297 1658 3345 per
1689 3298 1824 3346 quam
1855 3297 2034 3334 muscu-
