2293 3796
1125 184 1175 224 21

272 337 344 382 lus
381 334 627 392 depressor
658 333 870 380 maxillae
906 334 1136 381 inferioris
1172 332 1303 396 (Tab.
1336 334 1388 389 ΙΙ,
1422 334 1514 392 Fig.
1560 330 1598 389 1,
1634 334 1689 396 b)
1728 336 1773 381 et
1807 334 2036 394 utrimque

273 427 438 473 arteria
475 425 752 472 branchialis
788 439 811 473 e
848 427 1079 485 profundo
1116 425 1425 485 progreditur,
1463 438 1595 484 quae,
1633 426 1889 473 musculum
1921 439 2038 473 com-

271 518 430 575 plexa,
469 516 514 562 in
548 517 812 564 branchiam
848 518 1035 577 primam
1075 531 1124 565 se
1162 520 1352 565 confert.
1420 518 1653 564 Musculus
1689 519 1734 565 in
1770 521 1862 565 tres
1898 518 2039 566 tendi-

270 621 351 654 nes
402 609 564 655 breves
618 609 874 669 planasque
928 611 1045 666 exit,
1103 623 1297 670 quarum
1342 622 1433 656 una
1481 610 1523 656 ei
1570 611 1690 669 parti
1736 623 1872 657 arcus
1921 610 2038 657 ossis

271 699 470 757 hyoidei,
510 713 629 758 quae
666 701 860 759 copulae
900 701 1108 760 proxima
1135 704 1218 757 est,
1255 701 1397 747 altera
1425 701 1555 759 primi
1581 715 1717 748 arcus
1745 701 2037 757 branchialiS,

271 790 404 836 tertia
439 791 629 836 secundi
666 791 745 836 fini
790 791 995 837 inferiori
1039 792 1267 838 inseritur.
1343 792 1490 848 Quum
1524 793 1711 840 insertio
1750 793 1810 840 ad
1847 793 2043 840 clavicu-

268 881 356 927 lam
393 894 478 940 pro
514 885 684 940 puncto
720 883 814 928 fixo
850 882 1063 928 habenda
1101 883 1171 938 sit,
1211 884 1406 930 musculi
1443 885 1563 930 actio
1600 885 1646 931 in
1671 897 1725 932 eo
1761 888 1954 942 constat,
1991 887 2043 931 ut

271 985 321 1019 os
357 973 604 1032 hyoideum
635 973 847 1033 duosque
884 974 1054 1033 primos
1092 987 1227 1020 arcus
1263 975 1572 1031 branchialeS,
1610 988 1664 1023 eo
1697 980 1851 1026 autem
1887 981 1932 1024 et
1972 989 2043 1024 co-

270 1065 423 1124 pulam
458 1067 503 1111 et
536 1068 678 1112 totum
715 1065 1036 1112 branchiarum
1073 1069 1346 1125 apparatum
1383 1068 1599 1114 retrahat.

406 1158 460 1204 Et
495 1157 584 1204 hoc
620 1157 828 1204 musculo
867 1160 911 1203 et
946 1157 1093 1203 fascia
1130 1157 1172 1204 ei
1209 1156 1419 1216 subjecta
1454 1160 1603 1205 tectus
1642 1162 1712 1206 est

406 1247 452 1297 2.
523 1250 759 1296 Musculus
808 1252 1032 1297 retractor
1083 1253 1333 1309 apparatus
1376 1251 1677 1308 branchIaliS,
1735 1251 1838 1311 qui,
1892 1250 2043 1298 brevis

271 1341 553 1401 planusque,
601 1342 830 1402 utrimque
867 1342 925 1388 ab
955 1342 1131 1388 interna
1164 1342 1380 1388 inferiore
1416 1343 1536 1388 facie
1573 1342 1767 1388 laminae
1804 1342 2044 1389 anterioris

274 1433 523 1479 claviculae
562 1433 789 1489 exoritur,
831 1436 970 1492 atque
1006 1432 1195 1490 margini
1231 1433 1435 1480 inferiori
1472 1434 1665 1492 copulae
1702 1434 1900 1494 finisque
1936 1434 2046 1480 inse-

272 1524 406 1571 rioris
445 1525 687 1585 utrIusque
735 1524 852 1571 ossis
899 1523 1155 1583 pharyngei
1204 1524 1432 1571 inferioris
1471 1525 1700 1574 inseritur.
1772 1526 1815 1572 Is
1851 1525 2047 1574 musculi

274 1617 441 1675 prioris
479 1618 702 1664 actionem
737 1617 939 1676 adjuvat.

413 1710 717 1756 Membranam
763 1722 996 1756 mucosam
1043 1709 1081 1756 si
1119 1710 1176 1756 ab
1214 1710 1392 1757 interno
1437 1709 1655 1756 inferiore
1692 1721 1883 1756 arcuum
1916 1709 2048 1755 bran-

276 1800 488 1847 chialium
529 1802 620 1847 fine
675 1799 936 1859 disjungaS,
992 1801 1186 1848 musculi
1241 1802 1498 1861 complures
1546 1801 1591 1847 in
1638 1803 1934 1860 conspectum
1976 1812 2049 1848 ve-

274 1893 416 1948 niunt,
457 1892 666 1939 nimirum

413 1982 457 2033 3.
530 1986 631 2033 Mm.
671 1975 950 2031 abductores
986 1985 1309 2032 branchiarum
1344 1985 1613 2042 inferioreS,
1648 1998 1845 2045 quorum
1881 1985 2050 2044 singuli

273 2076 333 2122 ad
370 2076 574 2135 singulos
611 2077 839 2135 pertinent
875 2090 1010 2124 arcus
1048 2079 1115 2123 br.
1152 2079 1208 2124 M.
1245 2078 1471 2124 abductor
1502 2079 1749 2126 branchiae
1785 2079 1960 2138 primae
1998 2090 2051 2124 ex

273 2168 449 2215 interno
488 2168 745 2227 posteriore
783 2169 989 2226 corporis
1028 2169 1144 2215 ossis
1181 2169 1368 2228 hyoidei
1404 2171 1495 2217 fine
1532 2171 1864 2229 proficiscitur,
1910 2173 2051 2230 atque

274 2260 464 2319 margIni
516 2260 732 2307 anteriori
784 2261 959 2307 trientis
1021 2261 1251 2308 inferioris
1301 2275 1436 2309 arcus
1490 2264 1768 2310 branchialis
1821 2263 2050 2309 inseritur.

273 2353 422 2399 Trium
449 2365 637 2399 arcuum
675 2352 1053 2411 subsequentium
1078 2352 1274 2399 musculi
1299 2353 1579 2401 abductores
1612 2355 1881 2413 parallelum
1905 2354 2049 2413 primo

274 2444 520 2491 decursum
556 2444 727 2499 ineunt,
776 2456 1025 2504 eorumque
1064 2443 1394 2491 insertionibus
1428 2459 1530 2493 cum
1562 2446 1948 2505 respondentibus
1985 2459 2052 2492 ar-

275 2538 423 2584 cubus
458 2537 802 2583 branchialibus
850 2536 1024 2593 eadem,
1065 2549 1185 2596 quae
1228 2537 1274 2583 in
1305 2538 1513 2585 musculo
1547 2539 1716 2597 primo,
1765 2538 1881 2584 ratio
1919 2538 2053 2584 inter-

275 2629 421 2686 cedit,
478 2641 532 2676 eo
579 2631 728 2675 tamen
774 2628 1016 2675 observato
1064 2628 1344 2686 discrimine,
1400 2629 1526 2689 quod
1561 2643 1652 2677 non
1689 2631 1746 2677 ab
1785 2643 1892 2677 osse
1925 2629 2054 2688 hyoi-

275 2721 389 2779 deo,
446 2721 528 2768 sed
581 2734 608 2767 a
651 2721 820 2780 copula
872 2721 1073 2779 proxime
1127 2734 1263 2768 arcus
1316 2722 1633 2780 respondentis
1688 2721 2053 2769 articulationem

273 2812 648 2872 proficiscuntur.
721 2813 860 2858 Juxta
902 2824 1276 2872 unumquemque
1319 2813 1575 2861 musculum
1621 2816 1666 2860 et
1709 2826 1832 2872 pone
1886 2812 2054 2859 arteria

275 2904 553 2952 branchialis
592 2903 809 2952 decurrit.
880 2904 1056 2950 Horum
1100 2904 1411 2951 musculorum
1449 2905 1568 2952 actIO
1604 2905 1737 2952 simul
1772 2918 1874 2952 cum
1911 2904 2055 2950 altera

276 2996 590 3044 musculorum
639 2995 757 3043 serie
796 2998 960 3055 postea
998 2995 1302 3043 describenda
1344 2997 1390 3044 in
1428 3010 1482 3044 eo
1521 2997 1754 3054 consistit,
1801 3000 1853 3043 ut
1886 2994 2057 3054 singuli

277 3101 412 3136 arcus
454 3088 746 3136 branchiales
781 3101 808 3135 a
845 3088 1012 3149 copula
1054 3092 1231 3148 partem
1279 3090 1551 3138 exteriorem
1600 3092 1739 3150 atque.
1784 3088 2057 3136 anteriorem

277 3193 438 3228 versus
474 3184 758 3229 moveantur.

1578 3373 1637 3414 2*
