2293 3796
1368 66 1375 85 t

1378 91 1395 123 NE«,

1390 123 1413 189 *t

1096 190 1148 231 38
1403 194 1405 196 ’

263 344 380 389 sunt.
435 340 577 388 Seriei
613 339 774 386 tertiae
810 339 1030 396 valvulae,
1071 352 1186 399 quas
1221 342 1390 386 tantum
1429 343 1520 387 tres
1558 354 1837 399 cognoscere
1871 341 2014 401 potui,

263 432 434 478 ambitu
470 443 553 477 suo
598 430 800 488 priorum
838 429 1057 475 serierum
1094 429 1297 476 valvulas
1335 434 1576 488 superant,
1632 435 1827 479 attamen
1871 433 2017 479 minus

261 522 524 581 profundae
577 522 810 578 apparent.
879 520 1084 578 Denique
1136 519 1181 565 in
1235 519 1353 565 serie
1396 523 1558 579 quarta
1605 535 1764 569 rursus
1802 526 2018 582 quattuor

264 616 510 659 cernuntur
541 612 767 667 valvulae,
817 612 910 656 tum
940 610 1248 668 magnitudine
1286 613 1378 656 tum
1415 612 1726 669 profunditate
1764 614 1898 660 seriei
1935 617 2020 660 ter-

263 703 351 749 tiae
383 702 572 749 valvulis
608 714 758 760 pares.
820 700 963 747 Etiam
995 701 1213 746 serierum
1250 701 1516 747 inferiorum
1549 683 1755 748 valvulae
1791 717 1880 750 non
1904 704 2021 762 pari-

262 795 351 841 bus
385 794 542 852 spatiis
577 793 695 839 inter
737 805 786 838 se
829 791 1010 838 distant.
1077 792 1198 849 Ergo
1237 792 1610 851 Scaphirhyncho
1665 793 1709 839 in
1763 795 2023 841 universum

264 885 462 933 sedecim
494 887 599 931 sunt
629 883 837 930 valvulae
873 883 1000 929 bulbi
1036 882 1259 929 arteriosi.

403 977 529 1023 Haec
572 975 699 1021 bulbi
746 975 954 1022 arteriosi
989 974 1166 1020 indoles
1205 974 1578 1033 Scaphirhyncho
1616 975 1908 1033 praecipuam
1943 975 2025 1022 Ga-

265 1067 532 1115 noideorum
568 1067 719 1112 notam
753 1065 971 1124 praebet,
1017 1078 1161 1124 quae,
1200 1068 1251 1110 ut
1285 1065 1458 1123 primus
1495 1067 1693 1111 Joannes
1721 1066 1955 1112 Mueller
1987 1064 2024 1127 1)

266 1158 602 1214 demonstravit,
641 1158 686 1203 in
720 1156 982 1203 musculoso
1030 1155 1156 1201 bulbi
1205 1156 1413 1202 arteriosi
1463 1158 1603 1202 strato
1637 1156 1881 1215 multisque
1919 1155 2020 1214 ejus

264 1251 456 1299 valvulis
493 1250 714 1305 consistit,
753 1249 815 1295 ita
840 1252 891 1295 ut
915 1248 954 1294 is
978 1261 1061 1306 pro
1089 1247 1228 1294 corde
1256 1260 1375 1303 ver0,
1414 1248 1638 1306 pulsando
1667 1248 1908 1304 destinam,
1947 1247 2023 1293 lia-

265 1344 429 1390 beatur
466 1344 689 1401 oporteat.
718 1340 851 1397 Quod
883 1340 1163 1387 valvularum
1195 1352 1429 1386 numerum
1463 1340 1687 1400 situmque
1724 1341 1896 1396 attinet,
1934 1352 2024 1386 ma—

267 1448 381 1494 gnas
417 1433 625 1491 singulae
660 1432 858 1479 familiae
904 1431 1190 1478 diversitates
1238 1433 1450 1478 offerunt.
1537 1432 1611 1478 Sic
1657 1432 1928 1490 Polypterus
1979 1431 2024 1476 in

268 1526 474 1573 seriebus
510 1523 918 1582 longitudinalibus
956 1520 984 1569 6
1023 1523 1225 1570 valvulas
1263 1521 1341 1579 45,
1379 1523 1680 1582 Lepidosteus
1727 1523 1772 1568 in
1818 1523 2024 1569 seriebus

267 1617 677 1675 longitudinalibus
721 1613 750 1664 S
791 1618 836 1661 et
880 1615 1150 1661 transversis
1200 1613 1229 1661 5
1266 1627 1415 1673 aeque
1451 1615 1668 1673 perfectis
1706 1614 1908 1661 valvulas
1947 1611 2024 1669 40,

268 1709 552 1769 Accipenser
580 1710 624 1754 et
648 1706 908 1765 Spatularia
934 1706 1114 1752 circiter
1150 1706 1353 1752 valvulas
1397 1703 1454 1752 15
1493 1705 1750 1761 ostendunt,
1787 1704 1909 1751 unde
1936 1704 2028 1750 elu-

269 1803 362 1857 cet,
400 1800 576 1862 pisceS,
616 1810 732 1858 quos
770 1797 951 1843 ultimos
989 1797 1105 1853 dixi,
1142 1797 1230 1843 hac
1268 1809 1455 1856 quoque
1490 1797 1535 1843 in
1570 1810 1619 1844 re
1651 1796 2026 1856 Scaphirhyncho

269 1891 476 1951 proxime
513 1889 749 1936 accedere.

403 1982 693 2029 Valvularum
747 1979 986 2038 dispositio
1037 1979 1082 2026 in
1130 1979 1293 2026 ceteris
1349 1992 1534 2039 quoque
1582 1979 1823 2027 Ganoideis
1870 1991 2030 2037 parum

270 2075 493 2134 regularis
531 2077 625 2132 est3
674 2073 718 2119 in
752 2072 1013 2119 universum
1049 2072 1184 2118 seriei
1221 2084 1461 2130 supremae
1498 2072 1706 2118 valvulae
1744 2071 1907 2117 ceteris
1943 2083 2032 2116 ma·
2093 2053 2097 2057 ⁴

265 2167 394 2226 jores
445 2168 705 2213 cernuntur.
793 2165 841 2211 In
882 2164 1125 2222 Polyptero
1177 2163 1293 2209 inter
1347 2165 1438 2208 tres
1491 2162 1633 2208 series
1682 2162 2032 2220 longitudinales

271 2260 528 2317 perfectaS,
579 2268 770 2316 quarum
818 2267 1130 2314 unaquaeque
1183 2267 1340 2301 novem
1390 2254 1580 2300 valvulis
1630 2253 1881 2312 majoribus
1932 2266 2035 2300 con-

276 2350 407 2406 sistit,
448 2349 581 2395 etiam
617 2351 709 2394 tres
746 2347 1026 2393 valvularum
1057 2346 1276 2391 minorum
1315 2345 1456 2390 series
1489 2344 1842 2402 longitudinales
1874 2344 2038 2390 incom-

274 2442 425 2500 pletae
487 2440 920 2487 animadvertuntur.
1024 2437 1074 2483 In
1129 2436 1402 2494 Lepidosteo
1459 2436 1739 2482 valvularum
1796 2436 2035 2494 dispositio

274 2533 468 2579 maxime
515 2531 739 2590 regularis
787 2533 879 2586 est,
933 2529 979 2575 in
1013 2528 1323 2587 Accipensere
1368 2529 1412 2573 et
1453 2526 1710 2585 spatularia
1748 2527 1955 2573 valvulae
1990 2527 2035 2573 in

276 2628 368 2671 tres
401 2624 542 2671 series
573 2625 855 2669 transversas
893 2619 1142 2678 dispositae
1179 2621 1414 2678 apparent.

408 2717 610 2762 Truncus
658 2713 908 2760 arteriosus
955 2710 1081 2757 recta
1132 2710 1175 2755 in
1217 2722 1405 2755 arcuum
1449 2709 1776 2755 branchialium
1824 2709 2033 2767 copulam

275 2811 318 2855 ct
345 2807 576 2854 musculos
613 2807 891 2853 retractores
930 2803 1045 2850 ossis
1081 2801 1265 2861 hyoidei
1303 2804 1347 2847 et
1372 2813 1560 2846 arcuum
1586 2800 1915 2846 branchialium
1939 2813 2034 2845 sur-

275 2913 374 2946 sum
411 2898 663 2954 adscendit,
703 2900 747 2943 et
783 2896 974 2955 primum
1009 2896 1253 2952 utrumque
1290 2892 1335 2937 in
1373 2892 1494 2938 latus
1532 2891 1650 2938 duos
1675 2904 1825 2937 ramos
1852 2904 2033 2938 sursum

276 2991 449 3046 emittit,
489 2989 567 3049 qui
602 2990 706 3035 sunt
741 2987 936 3034 arteriae
972 2984 1260 3032 branchiales
1281 2983 1412 3030 tertia
1450 2985 1495 3029 et
1520 2986 1696 3042 quarta.
1767 2983 1910 3040 Magis
1932 2996 2033 3041 par-

274 3084 363 3129 tem
388 3081 660 3128 anteriorem
697 3092 857 3126 versus
892 3092 920 3125 a
952 3078 1096 3125 latere
1131 3076 1278 3124 trunci
1311 3075 1524 3123 arteriosi
1550 3075 1668 3122 duae
1694 3075 1940 3122 branchiae
1967 3087 2033 3122 se-

415 3289 452 3329 1)
499 3287 579 3322 Bau
601 3286 677 3322 und
705 3285 872 3323 Grenzen
895 3283 960 3319 der
985 3282 1189 3326 Ganoidcn,
1230 3293 1313 3327 pag.
1341 3281 1406 3317 126
1432 3284 1466 3316 et
1493 3291 1567 3326 seq.
