2293 3796
1117 144 1143 184 8

253 295 504 344 secundum
533 294 861 353 longitudinem
897 294 1063 349 sectoS,
1100 293 1269 340 intrare
1300 294 1609 349 observamus
1646 293 1709 340 ita
1732 295 1783 339 ut
1807 293 1854 339 hi
1878 292 2013 339 iidem

255 399 359 433 esse
393 386 633 432 videantur
668 388 806 443 atque
840 384 918 440 illi,
955 397 1095 443 quum
1132 383 1305 429 directo
1343 383 1473 429 alteri
1503 383 1547 429 in
1573 383 1739 430 alteros
1766 386 2011 431 transeant.

391 476 600 521 Ceterum
637 474 838 520 rationes
872 472 1007 519 modo
1046 472 1303 531 descriptae
1350 473 1497 519 solum
1534 473 1593 519 ad
1628 475 1775 520 trunci
1809 477 1853 522 et
1889 486 2018 534 oper-

256 567 347 614 culi
381 566 554 612 corium
599 566 889 619 reseruntur,
938 575 1133 622 namque
1188 563 1299 609 corii
1350 563 1514 610 faciem
1565 563 1828 611 inferiorem
1876 565 2018 612 cranii

255 657 595 716 palpebrasque
632 653 825 711 tegentis
860 655 904 699 et
938 653 1055 699 inter
1091 652 1207 699 duas
1243 666 1378 700 nares
1421 654 1600 701 extensi
1632 656 1893 702 constitutio
1931 656 2019 702 alia

256 750 338 795 est.
411 747 461 793 In
505 746 595 792 hoc
639 744 755 790 enim
803 745 944 790 strata
991 746 1081 790 tam
1124 745 1357 802 regularia
1402 747 1727 793 fasciculorum
1763 746 1881 793 telae
1918 759 2022 793 con-

250 838 486 898 jUnctivae
520 848 611 882 non
644 833 1078 890 animadvertuntur,
1116 834 1199 881 sed
1234 836 1390 894 potius
1426 837 1492 893 hi,
1530 840 1627 884 rete
1666 837 1856 884 densum
1891 840 2023 884 effor-

256 931 431 976 mantes
467 938 701 985 saepeque
735 925 852 971 inter
888 938 938 971 se
970 928 1270 983 confluentes,
1310 940 1367 974 ex
1404 929 1646 987 profundis
1683 929 1795 975 corii
1820 929 2025 987 partibus

259 1020 319 1067 ad
359 1019 460 1078 ejus
501 1017 685 1063 limitem
733 1019 970 1063 externum
1015 1018 1200 1076 oblique
1243 1018 1543 1066 adscendunt.
1582 1021 1828 1067 Praeterea
1875 1019 1945 1065 his
1981 1019 2028 1065 in

258 1110 373 1157 locis
412 1109 589 1156 corium
641 1109 782 1154 strato
830 1107 997 1154 coloris
1038 1120 1121 1166 pro
1169 1111 1269 1155 rata
1305 1112 1435 1167 parte
1473 1111 1584 1157 satis
1632 1111 1753 1157 fusci
1788 1109 2029 1169 trajectum

262 1201 387 1249 cerni
442 1199 582 1255 solet,
638 1197 764 1257 quod
808 1200 1019 1254 stratum,
1074 1211 1214 1257 saepe
1257 1199 1555 1258 bifurcatum,
1610 1204 1662 1248 ut
1698 1201 1810 1248 corii
1854 1203 2030 1259 partem

259 1292 377 1339 inter
416 1303 465 1337 se
502 1289 721 1348 recipiat,
759 1288 864 1335 inde
898 1302 1060 1335 rursus
1096 1290 1142 1335 in
1177 1304 1316 1337 unum
1354 1293 1555 1339 confluit.
1628 1293 1777 1339 Facile
1815 1292 1917 1352 quis
1955 1292 2032 1338 ad-

263 1383 482 1438 ducatur,
537 1384 589 1427 ut
636 1382 725 1428 hoc
770 1383 960 1427 stratum
1007 1383 1191 1428 fuscum
1227 1382 1444 1429 limitibus
1482 1386 1552 1429 sat
1588 1383 1811 1430 distinctis
1846 1383 2033 1429 circum-

263 1473 419 1520 datum
453 1485 555 1519 cum
590 1473 716 1531 poris
750 1472 951 1519 mucosis
981 1472 1078 1531 jam
1115 1473 1248 1519 oculo
1290 1473 1451 1520 inermi
1493 1475 1778 1533 conspicuiS,
1835 1475 1913 1534 qui
1958 1473 2032 1520 hic

261 1564 476 1625 permulti
514 1567 717 1620 exstant,
762 1564 807 1610 in
844 1564 1044 1624 aliquem
1082 1577 1337 1612 connexum
1383 1566 1576 1624 redigat.
1649 1566 1900 1612 Verisimile
1937 1567 2030 1620 est,

262 1657 352 1703 hoc
387 1658 579 1702 stratum
617 1655 797 1714 adipem
833 1655 1089 1711 continere,
1137 1656 1342 1715 quamvis
1379 1656 1528 1715 adipis
1567 1656 1756 1703 cellulas
1792 1656 1919 1703 haud
1955 1656 2034 1702 du-

262 1748 363 1795 bias
401 1759 684 1806 cognoscere
715 1760 805 1794 non
830 1747 1078 1805 contingat.
1134 1748 1241 1794 Pori
1277 1748 1452 1794 mucosi
1488 1748 1703 1806 imprimis
1739 1748 1785 1794 in
1817 1747 2034 1794 inferiore

264 1839 401 1887 rostri
438 1839 575 1895 facie,
623 1842 787 1898 atque,
835 1839 881 1885 in
917 1838 1033 1885 duas
1069 1839 1211 1885 series
1248 1838 1447 1895 redacti,
1493 1839 1538 1885 in
1574 1839 1895 1898 palpebrarum
1931 1841 2035 1885 cute

267 1932 534 1986 occurrunt,
574 1930 905 1989 portionesque
941 1929 1211 1976 rotundatas
1249 1930 1403 1977 colore
1438 1930 1595 1989 paullo
1633 1930 1836 1977 fusciore
1873 1931 2036 1977 tinctas

267 2024 606 2083 depressasque
643 2024 951 2078 conformant,
1003 2034 1122 2080 quae
1178 2022 1314 2068 cribri
1358 2022 1403 2068 in
1447 2022 1631 2069 modum
1668 2025 1944 2081 perruptae,
1981 2035 2036 2068 ac

268 2129 408 2175 saepe
444 2117 570 2163 velut
604 2115 810 2161 radiatae
847 2116 1082 2173 apparent.
1152 2115 1264 2161 Nam
1314 2126 1373 2160 ex
1409 2116 1565 2160 centro
1597 2113 1751 2172 paullo
1788 2113 2034 2170 lucidiore,

269 2207 395 2268 quod
428 2220 482 2253 ex
527 2207 631 2253 1060
668 2206 889 2264 depresso
934 2204 1167 2263 adsurgit,
1223 2205 1282 2251 ad
1319 2204 1623 2263 peripheriam
1665 2217 1825 2251 versus
1868 2217 2037 2264 parvae

271 2298 500 2359 quaedam
535 2296 864 2357 prominentiae
901 2296 1218 2355 porriguntur,
1254 2297 1421 2356 quibus
1456 2297 1606 2353 figura
1633 2296 1830 2343 rotunda
1854 2296 1900 2342 in
1926 2308 2043 2342 com-

270 2390 428 2450 plures
465 2392 621 2448 partes
658 2388 887 2435 dividitur.
955 2387 1167 2447 Leydig
1191 2385 1229 2449 l)
1265 2388 1311 2434 in
1336 2387 1646 2446 Accipensere
1681 2388 1764 2433 has
1802 2389 2041 2445 aperturas

272 2485 434 2528 tenues
472 2493 713 2528 saccorum
747 2480 953 2527 brevium
995 2480 1140 2527 exitus
1178 2493 1281 2527 esse
1318 2479 1600 2535 observavit,
1658 2491 1852 2538 quorum
1888 2491 2044 2525 sacco-

274 2586 374 2619 rum
409 2572 513 2619 finis
551 2585 719 2619 caecus
754 2571 969 2618 deorsum
1003 2572 1049 2618 in
1080 2572 1217 2619 telam
1243 2572 1508 2618 cellulosam
1544 2571 1887 2630 subcutaneam,
1923 2569 2044 2627 gela-

276 2664 681 2711 tinoso-fibrosam
715 2664 1034 2722 immergatur,
1085 2666 1225 2724 atque
1268 2664 1425 2710 talium
1473 2676 1712 2711 saccorum
1748 2660 2043 2708 communiter

278 2755 544 2803 exeuntium
591 2757 817 2802 catervam
850 2755 959 2812 scum
1002 2756 1221 2815 ampulla,
1276 2756 1424 2815 qualis
1467 2755 1512 2801 in
1548 2756 1639 2802 fine
1684 2754 1832 2801 tubuli
1867 2752 2043 2799 mucosi

278 2849 480 2908 rajarum
531 2848 784 2907 reperitur,
841 2850 1087 2907 comparat.
1160 2848 1502 2904 Verumtamen,
1558 2849 1609 2893 ut
1643 2847 1726 2893 has
1762 2845 1961 2891 rationes
1997 2843 2044 2890 in

281 2939 656 3000 Scaphirhyncho
703 2940 975 2996 invenirem,
1027 2940 1133 2986 mihi
1169 2952 1259 2986 non
1297 2939 1474 2998 obtigit.
1546 2939 1651 2986 Tela
1688 2938 1907 2984 cellulosa
1942 2937 2044 2995 ipsa

280 3031 352 3079 his
390 3032 508 3078 cutis
550 3032 665 3078 10613
710 3031 767 3077 ab
814 3031 914 3088 illa,
966 3044 1058 3090 qua
1094 3031 1241 3078 trunci
1278 3031 1451 3078 corium
1493 3029 1810 3085 constituitur,
1865 3028 2044 3075 diversa

419 3178 460 3223 1)
507 3178 781 3223 Histologische
805 3176 1139 3222 Untersuchungen
1167 3175 1260 3211 iiber
1283 3176 1412 3211 Fische
1443 3175 1521 3210 und
1544 3176 1740 3222 Reptilien.
1790 3175 1917 3210 Berlin
1940 3174 2041 3220 1853,

283 3247 366 3283 pag.
392 3235 449 3271 12.
