2293 3796
1028 191 1291 256 *Aa*

283 344 361 391 diu
385 344 430 391 in
456 343 618 403 spiritu
642 342 732 390 vini
757 345 992 390 asservato
1018 342 1165 389 nullas
1195 340 1382 388 cellulas
1417 338 1708 399 epidermidis
1740 351 2037 398 cognoscere,

282 434 448 481 nedum
492 434 750 480 discrimina
797 434 913 480 inter
967 422 1158 480 cellulas
1215 442 1426 477 mucosas
1475 442 1703 489 verasque
1748 430 2038 490 epidermidis

281 526 482 581 cellulaS,
532 538 650 584 quae
690 524 906 583 Leydig
931 522 968 585 ¹)
1004 526 1048 570 et
1083 522 1323 581 descripsit
1360 524 1404 567 et
1439 520 1704 577 delineavit,
1759 522 2038 569 constituere

278 615 418 662 licuit.
490 616 609 662 Raro
652 618 824 661 tantum
868 617 1077 660 catervae
1122 611 1414 659 incolumium
1459 611 1723 658 nucleorum
1772 613 2037 660 cellularum

279 719 353 762 63,
417 719 536 766 quae
591 706 692 753 telis
743 705 1034 765 epidermidis
1086 704 1273 762 propria
1326 705 1419 759 est,
1485 703 1786 762 dispositione
1849 704 2038 763 reperiri

281 800 543 855 potuerunt.
1836 797 1838 799 ’

411 889 509 934 Jam
544 887 604 934 ad
637 900 794 935 osseas
827 888 944 934 cutis
980 890 1133 946 partes
1171 886 1537 946 Staphirhynchi,
1575 885 1636 932 ad
1671 898 1906 946 squamaS,
1943 900 2039 935 cer-

281 979 371 1026 tius
409 977 792 1042 contemplandas*
814 982 1114 1026 transeamus,

824 1124 907 1179 Β.
979 1124 1099 1180 De
1132 1124 1489 1191 squamis.

408 1253 534 1310 Quae
571 1253 775 1313 quamvis
814 1254 948 1300 oculo
984 1254 1144 1300 inermi
1180 1252 1418 1313 digitoque
1453 1252 1766 1309 contrectanti,
1816 1252 1941 1312 quod
1978 1253 2038 1299 ad

272 1347 463 1392 formam
496 1344 786 1403 indolemque
822 1345 1085 1403 superficiei
1122 1345 1294 1401 attinet,
1334 1344 1543 1391 diversae
1569 1347 1834 1403 appareant,
1872 1346 2035 1400 tamen,

277 1436 315 1483 si
354 1436 615 1483 subtiliores
649 1439 906 1482 structurae
938 1437 1137 1483 rationes
1176 1439 1452 1495 spectemus,
1497 1438 1665 1482 tantam
1702 1438 1901 1483 offerunt
1934 1448 2038 1482 con-

277 1527 546 1586 gruentiam,
579 1530 643 1583 ut,
688 1527 904 1574 lectorem
937 1527 996 1573 ad
1029 1528 1449 1574 commentationem
1483 1527 1811 1574 Heckelianam
1848 1528 2034 1586 saepius

265 1619 362 1678 jam
399 1621 789 1666 commemoratam
821 1619 1047 1676 relegans,
1087 1618 1398 1665 diversitatum
1431 1621 1729 1674 externarum,
1777 1631 1892 1678 quas
1930 1619 2033 1677 dixi,

273 1713 532 1770 respectum
568 1723 657 1756 non
689 1709 948 1756 habendum
985 1723 1208 1756 censeam.

406 1804 616 1850 Summae
667 1802 1028 1862 Scaphirhynchi
1073 1814 1288 1861 sqnamae
1321 1801 1445 1848 tenui
1484 1801 1600 1848 cutis
1637 1804 1778 1848 strato
1827 1814 1885 1849 ex
1937 1804 2032 1849 toto

270 1896 418 1940 tectae
457 1897 724 1950 cernuntur,
766 1893 913 1953 quod,
961 1894 1069 1940 nihil
1105 1893 1215 1940 corii
1244 1893 1289 1939 in
1326 1906 1540 1952 squamas
1577 1893 1714 1952 positi
1751 1896 2031 1950 structurae,

273 1998 409 2045 quam
442 1985 792 2044 desc1·ipsimus,
832 1986 1089 2042 ostendens,
1125 1986 1408 2032 solummodo
1452 1985 1626 2031 incerta
1670 1985 1787 2031 telae
1836 1984 2032 2044 alicujus

269 2076 526 2123 rudimenta
559 2079 705 2123 offert.
775 2077 1083 2123 Nihilosecius
1121 2079 1269 2123 tamen
1302 2077 1391 2123 hoc
1427 2078 1618 2123 stratum
1655 2088 1759 2132 non,
1802 2077 1869 2123 uti
1905 2078 2033 2137 Ley-

271 2166 424 2230 dig2)
460 2167 517 2214 de
552 2168 785 2227 Polypteri
822 2168 1024 2228 squamis
1063 2169 1241 2225 statuit,
1294 2181 1378 2227 pro
1418 2169 1515 2214 sola
1552 2167 1856 2226 epiderrnide,
1912 2181 2031 2227 quae

270 2261 385 2307 telas
419 2272 577 2306 osseas
615 2259 787 2306 directe
823 2263 961 2319 tegat,
1002 2260 1260 2307 habendum
1294 2260 1488 2316 videtur,
1523 2260 1752 2319 quoniam,
1790 2260 1880 2306 hoc
1905 2260 1944 2306 si
1968 2260 2032 2306 ita

271 2364 320 2398 se
354 2352 535 2406 habeat,
570 2351 761 2409 intelligi
798 2352 969 2410 nequit,
1006 2365 1097 2411 quo
1134 2352 1268 2398 modo
1305 2353 1395 2399 hoc
1431 2355 1622 2399 stratum
1650 2352 1921 2399 cellulosum
1953 2365 2033 2398 nu-

270 2442 432 2489 triatur
468 2445 513 2489 et
548 2442 895 2501 reproducatur.
967 2442 1066 2499 Qua
1101 2444 1157 2490 de
1182 2457 1232 2490 re
1259 2444 1499 2490 verisimile
1525 2444 1718 2500 videtur,
1757 2443 1890 2490 etiam
1921 2446 2032 2490 stra-

269 2537 362 2581 tum
401 2534 527 2589 corii,
567 2534 703 2593 quale
740 2538 784 2580 et
814 2533 1143 2598 Reissner3)
1176 2536 1221 2582 in
1255 2536 1517 2595 Lepidostei
1555 2539 1600 2583 et
1632 2536 1865 2595 Polypteri
1898 2548 2032 2595 squa-

268 2627 351 2673 mis
377 2626 548 2682 statuit,
582 2625 761 2678 adesse,
810 2626 934 2685 quod
971 2630 1132 2683 tamen,
1180 2628 1383 2686 piscibus
1422 2628 1500 2673 diu
1536 2628 1581 2673 in
1618 2627 1782 2686 spiritu
1817 2626 1905 2673 vini
1938 2639 2029 2672 ser-

268 2718 397 2774 vatiS,
439 2717 537 2776 J’am
571 2717 761 2763 inveniri
803 2721 1014 2776 nequeat.
1102 2718 1245 2764 Etiam
1278 2719 1543 2764 cellularum
1577 2719 1857 2784 pigmentum
1890 2717 2030 2764 conti-

266 2809 468 2855 nentium
500 2809 588 2855 hoc
622 2809 667 2855 in
701 2811 843 2855 strato
888 2810 1147 2868 frequentia
1184 2812 1322 2869 atque
1359 2812 1505 2856 forma
1536 2809 1805 2869 polygonia,
1859 2808 1907 2854 id
1942 2821 2026 2867 pro

268 2900 394 2947 corio
430 2900 682 2959 putandum
719 2913 836 2956 esse,
881 2902 1151 2957 coarguunt.
1223 2901 1272 2947 In
1309 2901 1484 2947 caudae
1521 2900 1743 2959 squamiS,
1790 2912 1923 2959 quae,
1969 2911 2027 2946 ex

265 2995 396 3051 parte
430 3005 595 3050 magna
629 2992 772 3039 altera
803 2992 990 3038 alteram
1014 2991 1294 3049 marginibus
1321 2995 1540 3051 tegenteS,
1580 3004 1677 3039 eam
1702 2991 1765 3038 ita
1790 2991 2023 3050 obtegunt,

398 3150 431 3194 1)
479 3150 505 3184 1.
533 3160 562 3184 c.
589 3160 671 3194 pag.
699 3148 756 3183 43.
807 3149 896 3185 Tab.
919 3149 981 3184 111.
1031 3149 1110 3194 Fig.
1137 3148 1192 3184 17.

396 3217 433 3261 2)
482 3218 507 3252 1.
536 3229 565 3252 e.
592 3229 675 3263 pag.
704 3217 759 3252 44.

395 3287 429 3329 3)
476 3287 503 3321 1.
531 3297 560 3321 c.
589 3297 672 3332 pag.
698 3286 776 3321 258.
