2293 3796
1162 169 1187 209 4

433 319 755 366 Commentatio
772 319 1050 366 Heckeliana
1075 319 1227 378 potius
1254 317 1484 374 dignitatis
1510 319 1579 364 est
1602 316 1882 375 zoologicae,
1916 327 2051 374 quam

295 410 598 467 zootomicae,
646 410 815 469 quippe
853 422 943 468 qua
979 412 1023 455 et
1058 409 1235 456 indoles
1270 411 1477 465 externa,
1526 408 1815 467 partiumque
1852 407 2051 464 singula-

293 513 392 546 rum
424 500 724 547 dimensiones
757 502 970 546 accurate
1006 502 1270 555 afferantur,
1310 502 1354 545 et
1389 499 1505 554 loca,
1542 498 1587 543 in
1624 498 1790 556 quibus
1810 498 1948 556 piscis
1984 510 2051 544 re-

291 591 507 649 periatur,
545 591 815 649 modusque,
851 602 941 648 quo
968 589 1188 647 capiatur,
1228 592 1273 635 et
1298 589 1498 635 carnium
1525 601 1663 647 sapor
1687 601 1855 648 resque
1880 588 2047 634 similes

291 684 576 738 enarrentur,
631 684 888 728 structurae
932 683 1080 727 tamen
1121 680 1374 727 rationibus
1422 693 1476 726 ac
1521 679 1790 726 formatione
1826 692 1915 726 non
1953 679 2050 725 dili-

289 773 470 830 gentius
508 772 763 831 descr1ptis.
826 772 921 828 Sic,
958 775 1009 818 ut
1045 771 1253 829 exemplo
1291 773 1407 827 utar,
1447 770 1703 830 systematis
1739 771 2047 817 musculorum

287 864 463 910 omnino
500 864 617 910 ratio
658 875 748 909 non
781 863 1003 918 habetur,
1049 864 1213 922 atque,
1261 874 1381 922 quae
1418 861 1476 907 ad
1512 861 1688 908 viscera
1723 862 1937 918 attinent,
1992 874 2046 908 ea

284 957 456 1001 tantum
490 954 662 1013 pariter
693 957 834 1013 atque
869 953 915 999 in
950 953 1258 1012 Accipensere
1295 966 1345 1000 se
1377 953 1547 999 habere
1585 953 1811 999 dicuntur.

417 1045 544 1092 Unde
576 1045 857 1104 intelligitur,
895 1044 942 1091 id
974 1045 1211 1101 interesse,
1251 1048 1314 1101 ut,
1354 1044 1549 1103 singulis
1585 1044 1906 1104 systematibus
1942 1055 2046 1090 ana-

281 1135 455 1183 tomicis
492 1136 577 1183 rite
612 1135 905 1196 perquisitiS,
961 1148 1038 1192 ea,
1094 1147 1213 1195 quae
1253 1135 1299 1182 in
1345 1135 1423 1182 illa
1469 1136 1843 1183 commentatione
1886 1147 2044 1181 manca

283 1227 384 1285 sint,
433 1227 724 1287 expleantur,
780 1240 835 1274 ac
870 1230 1023 1274 nostra
1060 1227 1117 1274 de
1153 1228 1527 1287 Scaphirhyncho
1566 1228 1765 1287 cognitio
1799 1229 2039 1286 augeatur.

281 1321 409 1367 Meae
444 1318 807 1379 disquisitioneS‚
855 1317 912 1365 de
945 1321 1050 1365 cute
1085 1319 1487 1379 musculorumque
1525 1322 1768 1379 systemate
1822 1331 1907 1365 nec
1954 1330 2042 1364 non

281 1412 338 1460 de
369 1412 624 1460 visceribus
660 1410 920 1466 institutae,
973 1422 1108 1469 quem
1140 1413 1348 1458 eventum
1383 1411 1654 1467 habuerint,
1708 1411 1796 1456 hac
1830 1409 2043 1456 disserta-

279 1504 402 1551 tione
439 1504 687 1564 explanare
729 1502 879 1549 liceat.
951 1502 1026 1549 Ad
1061 1514 1302 1550 nervorum
1340 1506 1561 1562 systema,
1617 1501 1884 1561 praesertim
1926 1500 2043 1559 peri-

277 1595 528 1654 phericum,
565 1593 929 1652 investigandum
964 1594 1235 1652 specimina,
1272 1607 1391 1654 quae
1426 1594 1533 1641 mihi
1569 1594 1614 1639 in
1648 1595 1862 1653 promptu
1899 1594 2040 1648 erant,

279 1700 418 1747 quum
456 1687 534 1733 diu
569 1687 615 1733 in
652 1685 814 1745 spiritu
846 1685 935 1732 vini
972 1688 1205 1732 asservata
1252 1689 1429 1741 essent,
1479 1698 1641 1744 parum
1683 1686 1789 1742 apta
1833 1685 2042 1738 fuerunt,

278 1778 571 1838 sceletusque
607 1777 678 1824 vel
710 1777 857 1824 obiter
882 1776 1137 1835 inspicienti
1165 1790 1268 1822 cum
1292 1776 1614 1834 Accipenseris
1642 1775 1811 1822 sceleto
1839 1787 1865 1820 a
1891 1774 2042 1820 multis

269 1868 367 1927 jam
403 1868 736 1916 scrutatoribus
763 1880 898 1926 quam
924 1868 1266 1914 accuratissime
1292 1867 1522 1926 descripto
1551 1869 1789 1925 tantopere
1815 1865 2039 1923 congruit,

275 1963 327 2006 ut
372 1961 616 2020 utriusque
658 1960 819 2008 horum
865 1962 1159 2020 systematum
1207 1959 1512 2018 descriptione
1557 1958 1842 2017 diligentiore
1889 1970 2044 2017 super-

277 2051 439 2099 sedere
470 2066 609 2111 posse
646 2053 897 2100 videamur.

409 2145 653 2192 Professor
687 2145 983 2201 Reissner,
1023 2143 1101 2203 qui
1137 2156 1207 2190 me
1244 2142 1513 2189 adhortatus
1551 2144 1646 2198 est,
1684 2143 1735 2188 ut
1767 2141 1856 2187 hoc
1892 2140 2042 2187 thema

276 2235 384 2283 mihi
419 2235 792 2294 pertractandum
830 2248 1066 2291 sumerem,
1104 2247 1159 2281 ea
1193 2234 1475 2293 benignitate
1519 2234 1627 2290 suit,
1666 2236 1717 2280 ut
1753 2246 1806 2280 ex
1842 2232 2045 2291 specimi-

271 2328 406 2374 nibus
441 2327 803 2387 Scaphirhynchi
841 2329 1085 2387 quattuor,
1125 2338 1244 2385 quae
1279 2326 1324 2371 in
1357 2338 1515 2372 museo
1554 2324 1805 2372 zootomico
1840 2327 2037 2380 exstant,

273 2419 367 2466 duo
422 2419 528 2466 mihi
573 2419 835 2478 indaganda
880 2419 1166 2466 concederet.
1236 2418 1397 2477 Itaque
1432 2417 1528 2464 viro
1572 2429 1743 2463 summe
1778 2415 2036 2464 venerando

272 2513 317 2556 et
350 2510 489 2569 hujus
529 2510 595 2556 rei
633 2514 677 2557 et
713 2511 896 2567 auxilii,
947 2510 1073 2570 quod
1112 2509 1220 2556 mihi
1263 2509 1607 2569 disquisitiones
1655 2508 1908 2555 instituenti
1945 2510 2038 2554 tum

273 2601 460 2648 consilio
505 2604 599 2649 tum
642 2615 692 2649 re
739 2603 926 2661 egregia
971 2616 1072 2649 cum
1115 2602 1388 2649 liberalitate
1442 2600 1692 2661 praestitit,
1744 2602 1839 2647 toto
1887 2599 2034 2645 animo

273 2693 443 2750 gratias
482 2692 659 2740 debitas
694 2694 958 2753 persolvere
989 2694 1138 2741 liceat.
