2293 3796
1150 167 1204 209 ⁶24

284 324 463 371 omnino
500 323 757 377 evanescat,
794 321 911 366 inter
945 318 1139 366 duorum
1171 319 1367 365 laterum
1401 319 1634 365 musculos
1670 322 1767 366 fere
1810 331 1893 378 per
1929 331 2030 377 spa-

282 416 391 462 tium
422 413 632 472 pollicem
667 414 973 457 transversum
1010 409 1275 468 adaequans
1323 409 1439 455 cutis
1482 422 1537 455 ac
1581 411 1862 468 peritoneum
1906 409 2029 456 nullo

283 507 422 552 strato
460 501 707 548 musculari
741 500 1007 558 interposito
1056 500 1284 559 disjUncta
1328 503 1446 548 sunt.
1525 500 1657 556 Quod
1699 502 1893 560 spatium
1939 514 2032 547 mu-

284 595 516 642 sculorum
537 605 703 650 expers
729 591 962 649 paullatim
988 592 1229 648 angustius
1256 591 1448 646 exsistit,
1489 591 1642 649 quoad
1669 592 1863 651 denique
1888 604 2031 650 prope

283 699 417 731 anum
447 684 689 742 utriusque
725 683 879 728 lateris
918 685 1059 729 strata
1090 682 1365 728 muscularia
1400 682 1517 728 inter
1564 694 1612 728 se
1638 682 1916 740 Jungantur,
1970 683 2033 728 ita

282 779 334 822 ut
370 774 519 821 cauda
551 776 646 819 tota
684 773 961 819 circumdata
999 773 1055 819 sit
1090 773 1323 818 musculis.
1396 773 1627 831 Utrimque
1671 786 1821 818 massa
1857 786 2035 819 muscu-

282 867 405 922 lariS,
437 878 573 924 quam
599 865 854 910 musculum
879 864 1110 910 lateralem
1136 864 1378 920 nominant,
1416 864 1668 910 secundum
1694 864 2033 921 longitudinem,

284 959 332 1005 id
369 956 496 1017 quod
528 956 622 1015 Jam
659 956 947 1003 extrinsecus
984 956 1117 1014 plane
1152 957 1365 1012 cernitur,
1417 956 1525 1002 stria
1561 968 1585 1002 e
1623 955 1712 1001 tela
1749 954 2037 1013 conjunctiva

285 1050 480 1096 formata
516 1059 600 1105 per
635 1049 774 1093 totam
810 1047 957 1093 trunci
994 1047 1321 1105 longitudinem
1360 1047 1645 1102 decurrente,
1679 1047 1723 1092 in
1756 1059 1846 1105 qua
1872 1058 2037 1091 nervus

285 1139 487 1187 lateralis
509 1138 771 1197 porrigitur,
807 1138 852 1184 in
884 1139 1000 1184 duas
1037 1142 1191 1197 partes
1229 1139 1371 1185 divisa
1410 1142 1491 1185 est.
1561 1138 1687 1195 Quae
1719 1141 1823 1184 sunt
1846 1136 2039 1182 musculi

285 1230 485 1278 lateralis
532 1242 639 1288 pars
678 1230 870 1276 dorsalis
905 1233 949 1276 et
984 1243 1091 1289 pars
1130 1231 1369 1287 ventralis,
1426 1244 1618 1290 quarum
1653 1229 1906 1289 posterior,
1958 1227 2043 1275 etsi

287 1323 434 1369 minus
473 1321 699 1375 distincte,
736 1321 938 1379 margine
971 1321 1089 1379 septi
1124 1334 1317 1367 massam
1350 1322 1651 1368 muscularem
1687 1319 1954 1379 trajicientis
1998 1319 2043 1365 in

290 1413 543 1474 portionem
578 1413 824 1458 ventralem
862 1413 1146 1471 superiorem
1195 1415 1239 1459 et
1281 1413 1544 1459 inferiorem
1593 1412 1820 1458 dividitur.
1902 1411 2042 1456 Porro

288 1517 397 1563 pars
436 1503 630 1550 dorsalis
665 1517 692 1550 a
716 1504 906 1550 ventrali
931 1503 1027 1562 Jam
1053 1503 1338 1550 extrinsecus
1367 1503 1546 1549 diverso
1574 1502 1781 1549 striarum
1818 1501 2046 1548 tendinea-

289 1609 390 1642 rum
434 1594 635 1641 decursu
678 1595 931 1653 discrepat,
988 1607 1107 1655 quae
1157 1595 1294 1641 striae
1338 1598 1569 1652 septorum
1617 1593 2046 1652 aponeuroticorum

292 1686 550 1733 musculum
604 1686 837 1732 lateralem
886 1686 1207 1745 trajicientium
1248 1698 1442 1745 eumque
1490 1686 1535 1731 in
1581 1685 1762 1742 singula
1817 1687 2048 1742 segmenta

294 1778 615 1829 transversalia
666 1778 992 1837 disparantium
1046 1777 1390 1836 dispositionem
1445 1789 1499 1822 ac
1543 1776 1788 1822 decursum
1832 1775 2046 1821 indicant.

295 1871 363 1926 Si,
414 1883 439 1916 a
477 1882 650 1916 summo
687 1869 824 1916 dorso
861 1882 1018 1925 orsuS,
1076 1869 1178 1915 talis
1216 1869 1353 1915 striae
1390 1871 1676 1915 transversae
1710 1868 1951 1913 decursum
1983 1878 2050 1913 se-

296 1962 474 2022 quaris,
531 1974 630 2008 eam
676 1962 903 2020 utrimque
950 1962 1007 2007 ab
1054 1964 1157 2007 ortu
1203 1973 1287 2006 suo
1332 1960 1522 2018 prImum
1569 1959 1754 2018 oblique
1799 1961 2051 2005 retrorsum

295 2054 497 2110 tendere,
536 2057 630 2100 tum
667 2066 875 2112 prorsum
911 2056 1129 2100 reflexam
1167 2053 1385 2110 angulum
1425 2051 1571 2108 magis
1621 2050 1824 2096 minusve
1867 2052 2051 2095 acutum

296 2145 525 2191 anteriora
562 2157 722 2191 versus
766 2148 971 2204 apertum
1010 2148 1264 2201 efformare,
1311 2157 1365 2190 ac
1402 2143 1552 2190 denuo
1590 2145 1840 2189 retrorsum
1876 2153 2052 2187 versam

297 2237 514 2293 angulum
560 2237 751 2282 alterum
804 2237 1057 2294 posteriora
1101 2250 1260 2283 versus
1314 2238 1520 2294 apertum
1564 2235 1777 2289 efficere,
1835 2235 1928 2279 tum
1972 2243 2055 2290 per

300 2328 454 2374 striam
485 2328 859 2384 longitudinalem
896 2341 920 2374 e
958 2329 1048 2374 tela
1087 2328 1377 2387 conjunctiva
1413 2326 1709 2385 compositam
1738 2324 1933 2384 porrigi,
1975 2335 2058 2382 per

301 2419 492 2478 aliquod
529 2419 723 2477 spatium
759 2419 944 2479 oblique
978 2422 1230 2466 retrorsum
1267 2431 1532 2465 conversam
1568 2417 1862 2472 descendere,
1910 2417 1954 2461 et
1985 2414 2060 2461 de-

302 2511 465 2570 nique,
522 2510 736 2567 angulum
781 2511 987 2557 ultimum
1029 2510 1088 2556 ad
1132 2510 1361 2556 anteriora
1415 2512 1623 2568 apertum
1677 2509 2057 2562 conformantem,

307 2603 493 2661 oblique
536 2614 748 2660 prorsum
795 2602 1133 2661 introrsumque
1179 2603 1439 2660 porrectam
1483 2602 1616 2647 finem
1671 2612 1838 2658 capere
1887 2611 2060 2645 cernas,

307 2694 450 2750 Quem
488 2693 733 2739 decursum
771 2694 1043 2751 angulosum
1091 2693 1128 2739 si
1174 2693 1355 2739 duabus
1390 2692 1584 2739 musculi
1622 2690 1822 2738 lateralis
1856 2690 2062 2749 partibus

309 2785 571 2840 distribuas,
611 2784 728 2830 duos
766 2784 961 2842 angulos
998 2797 1236 2842 supremos
1267 2783 1325 2829 ad
1354 2786 1529 2842 partem
1564 2783 1788 2829 dorsalem
1820 2781 2062 2839 pertinere,

311 2877 450 2923 striae
485 2878 662 2934 partem
699 2876 884 2934 oblique
921 2878 1168 2922 retrorsum
1204 2878 1459 2934 porrectam
1496 2875 1555 2921 ad
1592 2874 1873 2933 superiorem
1897 2871 2066 2931 portio-

311 2981 413 3015 nem
446 2967 691 3014 ventralem
727 2968 902 3023 referri,
942 2971 985 3014 et
1020 2968 1273 3027 portionem
1309 2968 1568 3014 inferiorem
1606 2966 1803 3024 denique
1839 2964 1958 3009 linea
1994 2962 2068 3008 de-

317 3072 501 3105 cursum
539 3059 775 3118 obliquum
810 3059 1007 3114 ineunte,
1048 3072 1149 3105 cum
1186 3059 1323 3104 striae
1359 3060 1488 3117 parte
1525 3057 1659 3104 modo
1699 3056 1819 3101 dicta
1852 3053 2067 3110 angulum

319 3154 600 3208 efformante,
641 3151 789 3210 trajici
826 3153 1030 3209 apparet.
1098 3151 1147 3196 In
1184 3150 1345 3208 capitis
1385 3150 1548 3196 vicinia
1595 3147 1751 3205 anguli
1786 3145 1861 3192 isti
1893 3144 2070 3202 amplis-

321 3243 420 3289 simi
457 3246 575 3300 sunt,
614 3243 906 3302 speciemque
942 3241 1085 3300 magis
1121 3241 1325 3287 minusve
1359 3243 1591 3287 arcuatam
1626 3238 1861 3297 praebent,
1906 3237 2070 3281 retror-
