2293 3796
1107 194 1160 235 36

266 343 461 401 specteS,
499 342 693 388 lacunae
724 354 945 388 cornuum
976 343 1184 388 discessu
1221 345 1409 389 exortae
1445 343 1637 389 fundum
1680 343 2020 390 constituentes.

263 433 387 479 Pone
423 445 583 491 porum
619 433 947 491 urogenitalem
984 446 1116 479 renes
1160 433 1205 478 in
1248 433 1499 479 funiculum
1548 434 1791 492 simplicem
1827 439 2025 482 tenuem-

265 536 353 582 que
391 524 644 581 corrugati,
701 524 939 570 columnae
976 523 1220 570 vertebrali
1265 526 1389 569 arcte
1427 523 1713 583 adjacenteS‚
1767 527 1906 574 breve
1942 539 2025 584 per

265 613 462 672 spatium
498 615 690 673 amphus
746 614 1056 672 porriguntur.
1154 616 1421 661 Structurae
1479 617 1726 673 peculiaris
1780 618 1824 663 in
1879 630 2025 664 exem-

262 703 349 762 plis
385 717 410 749 a
449 718 520 750 me
558 704 828 763 disquisitis,
873 704 1057 761 longum
1093 716 1175 761 per
1211 707 1389 763 tempus
1421 706 1466 751 in
1503 707 1665 765 spiritu
1699 708 1788 754 vini
1819 708 2024 764 servatis,

261 795 353 855 jam
406 796 515 841 nihil
561 799 684 843 certo
729 796 947 850 cognosci
993 795 1156 853 potuit.
1248 795 1435 843 Vesicae
1480 798 1711 846 urinariae
1754 812 1862 858 pars
1911 813 2027 847 com-

261 888 407 932 munis
453 887 525 934 vel
562 900 729 947 corpus
774 890 818 933 et
849 887 1134 944 longitudine
1171 890 1216 934 et
1255 888 1493 936 latitudine
1530 888 1560 938 4
1598 893 1714 936 cent.
1763 890 2026 949 adaequans

262 992 402 1038 supra
438 979 699 1026 intestinum
732 981 905 1024 rectum
944 982 989 1025 et
1020 979 1220 1026 intestini
1257 981 1436 1027 valvula
1472 981 1678 1028 instructi
1721 983 1856 1028 finem
1886 981 2026 1040 jacet,

263 1074 402 1131 atque
446 1072 492 1117 in
538 1084 702 1130 porum
738 1070 1071 1128 urogenitalem
1116 1071 1289 1118 transit.
1362 1073 1425 1118 Ex
1471 1073 1560 1120 hoc
1607 1073 1786 1120 vesicae
1834 1085 2028 1131 corpore

261 1163 490 1222 utrimque
527 1175 671 1209 cornu
708 1162 889 1209 circiter
925 1160 953 1209 9
981 1165 1097 1208 cent.
1126 1162 1312 1220 longum
1338 1164 1657 1221 proficiscitur.
1713 1167 1813 1212 Duo
1843 1178 2026 1221 cornua,

264 1255 442 1301 omnino
477 1254 786 1314 symmetrica,
843 1254 987 1300 latera
1024 1267 1184 1301 versus
1216 1254 1333 1301 inter
1369 1267 1418 1301 se
1455 1255 1760 1312 discedentia,
1816 1256 2030 1303 deorsum

259 1346 468 1393 lacunam
487 1346 762 1406 profundam
782 1346 898 1392 inter
918 1357 967 1391 se
987 1345 1262 1404 relinquunt.
1312 1345 1366 1391 Et
1392 1358 1563 1392 cornua
1584 1349 1629 1393 et
1652 1346 1833 1393 vesicae
1859 1359 2028 1405 corpus

259 1440 496 1498 peritoneo
552 1438 781 1498 superiori
833 1438 931 1484 cavi
984 1437 1216 1484 visceralis
1271 1437 1434 1495 parieti
1484 1437 1748 1484 adhaerent.
1815 1437 2031 1484 Anterior

261 1532 505 1591 utriusque
539 1543 705 1577 cornus
737 1530 854 1586 finis,
893 1533 1082 1589 repente
1114 1530 1459 1587 coangustatus,
1498 1529 1772 1575 infundibuli
1808 1529 1950 1576 instar
1984 1529 2031 1575 in

263 1623 465 1669 canalem
484 1625 665 1668 tenuem
687 1621 902 1677 excurrit,
930 1621 1022 1680 qui,
1051 1620 1277 1680 utrimque
1303 1634 1484 1666 sursum
1511 1633 1777 1676 conversuS,
1804 1620 1849 1666 in
1872 1633 2030 1667 renum

264 1714 562 1761 substantiam
588 1713 881 1771 immergitur.
922 1711 1008 1768 Qui
1033 1712 1215 1758 canales
1242 1711 1418 1758 dilatati
1444 1715 1674 1758 ureterum
1700 1712 1829 1768 fineS,
1859 1725 2033 1758 eorum-

264 1820 354 1866 que
386 1807 432 1852 in
468 1805 647 1853 vesicae
683 1804 912 1850 urinariae
946 1816 1116 1850 cornua
1154 1803 1367 1850 introitus
1405 1806 1525 1849 sunt.
1591 1804 1779 1850 Praeter
1815 1803 1899 1849 hos
1933 1815 2034 1849 ure-

264 1900 384 1943 teres
423 1895 620 1955 maj0res
659 1896 793 1942 etiam
830 1896 1086 1955 complures
1125 1896 1307 1941 canales
1353 1895 1561 1941 uriniferi
1603 1895 1800 1942 minores
1837 1896 2031 1950 exstant,

266 1989 345 2048 qui
380 1988 627 2035 intervallis
659 2001 749 2034 non
787 1988 921 2034 certis
959 1988 1016 2034 ab
1054 1988 1129 2033 illa
1166 2000 1324 2034 renum
1359 1990 1502 2045 parte,
1537 1999 1657 2046 quae
1682 1986 1862 2032 vesicae
1886 1986 2035 2032 urina-

264 2079 359 2125 riae
388 2079 741 2138 superimposita
769 2082 851 2135 est,
890 2079 1248 2137 proficiscuntur
1278 2081 1322 2124 et
1352 2091 1435 2136 pro
1461 2077 1635 2135 origine
1673 2077 1852 2123 diversa
1887 2079 1966 2122 aut
1989 2076 2034 2122 in

264 2171 447 2217 vesicae
468 2183 640 2217 cornua
666 2172 746 2216 aut
770 2170 815 2215 in
841 2169 944 2229 ejus
966 2183 1134 2228 corpus
1160 2170 1340 2215 intrant.
1395 2169 1443 2215 In
1470 2168 1711 2228 utriusque
1735 2181 1901 2214 cornus
1922 2167 2036 2214 vesi-

266 2275 347 2308 cae
384 2263 475 2307 fine
510 2262 738 2308 anteriore
775 2260 989 2307 deorsum
1028 2263 1072 2306 et
1106 2260 1350 2306 introrsum
1377 2272 1537 2306 versus
1567 2258 1859 2305 infundibula
1895 2258 2034 2305 abdo-

266 2353 470 2409 minalia,
511 2365 631 2412 quae
668 2354 912 2407 vocantur,
950 2351 1075 2397 haud
1111 2351 1172 2397 ita
1211 2351 1398 2408 exigua,
1434 2351 1738 2397 inveniuntur.
1813 2349 1940 2406 Quae
1976 2349 2035 2394 ad

269 2444 543 2491 exteriOrem
580 2456 800 2490 cornuum
836 2445 1009 2502 partem
1046 2442 1202 2498 libere,
1243 2441 1359 2488 ostio
1396 2454 1583 2498 magno,
1621 2441 1666 2487 in
1701 2454 1859 2487 cavum
1896 2439 2035 2486 abdo-

267 2536 430 2582 minale
473 2536 682 2594 ingressa
726 2548 809 2594 per
847 2534 1034 2593 aliquod
1084 2533 1303 2592 spatium7
1360 2533 1509 2592 quod,
1565 2532 1946 2591 quemadmodum
1990 2533 2034 2578 et

268 2627 431 2685 Hyrtl
457 2623 493 2688 1)
532 2626 654 2682 dicit,
688 2628 830 2672 ferme
856 2626 999 2672 lineas
1026 2637 1108 2671 sex
1135 2626 1318 2684 aequat,
1346 2624 1577 2681 paullatim
1604 2624 1870 2680 angustiora
1894 2625 2032 2678 facta,

267 2716 313 2761 in
349 2719 547 2776 utroque
582 2717 726 2763 latere
761 2717 879 2764 inter
915 2717 1094 2763 vesicae
1128 2716 1346 2776 parietem
1382 2715 1692 2774 porriguntur,
1729 2728 1785 2761 ac
1820 2714 2031 2774 denique,

269 2813 485 2868 apertura
531 2810 667 2856 unius
712 2809 860 2855 lineae
903 2808 1170 2854 diametrum
1213 2806 1526 2866 adaequante,
1568 2806 1613 2852 in
1657 2806 1838 2853 vesicae
1892 2817 2034 2852 cornu

270 2905 452 2949 exeunt.
522 2902 568 2948 In
611 2904 810 2960 utroque
858 2900 1205 2958 exemplarium,
1263 2910 1382 2957 quae
1432 2897 1690 2956 disquisivi,
1745 2896 2033 2943 infundibula

269 2996 429 3051 aperta
462 2993 628 3052 reperi,
668 2993 959 3051 vesicamque
984 2989 1228 3037 urinariam
1254 3001 1338 3047 per
1363 3001 1418 3035 ea
1446 2988 1681 3035 commode
1705 2987 1864 3034 inflare
1887 2987 2031 3046 potui.

270 3085 511 3131 lllueller
534 3082 580 3146 2)
620 3098 670 3131 se
706 3084 995 3131 infundibula
1033 3095 1168 3129 sacco
1206 3094 1344 3128 caeco
1381 3080 1543 3126 similia
1567 3079 1613 3125 in
1637 3079 1948 3139 Accipensere
1973 3078 2036 3126 in-

402 3231 443 3274 1)
491 3231 516 3264 l.
546 3242 573 3264 c.
603 3242 686 3275 pag.
715 3230 770 3264 69.

402 3288 441 3331 2)
489 3288 516 3322 l.
544 3298 572 3322 C.
600 3299 684 3333 pag.
713 3286 791 3322 137.
