2293 3796
1117 196 1168 238 18

263 350 536 405 concretum,
571 347 848 405 cartilaginis
880 349 1075 394 frustum
1109 347 1271 403 minuS,
1309 360 1444 394 arcus
1481 347 1526 394 in
1544 347 1727 395 modum
1757 350 2013 405 formatum,

261 440 460 499 positum
501 441 588 495 est,
633 438 759 498 quod
792 451 893 485 cum
928 438 1065 485 rostri
1099 451 1211 484 arcu
1246 441 1447 485 extremo
1481 440 1655 486 sulcum
1692 440 1801 487 satis
1833 442 2019 500 profun-

263 530 370 577 dum
414 524 650 577 arcuatum
705 530 861 577 efficit.
950 529 1110 576 Fornix
1161 530 1259 576 cavi
1303 530 1393 577 oris
1440 530 1648 577 laminam
1696 533 1948 578 conformat
1992 544 2017 578 e

261 622 405 668 tribus
452 621 658 680 partibus
713 620 1032 679 compositam,
1087 619 1293 666 nimirum
1342 620 1521 667 duabus
1568 621 1744 668 laminis
1781 622 1941 669 anticis
1974 624 2020 669 et

258 712 394 771 plano
432 712 660 769 triangulo
699 711 1018 769 cartilaginea,
1058 710 1117 757 ad
1155 714 1330 769 partem
1366 711 1589 770 posticam
1624 712 1767 759 libere
1801 713 1846 760 in
1878 726 2018 771 angu-

258 803 350 849 lum
387 806 600 859 exeunte,
636 802 839 860 margine
872 802 1087 849 anteriori
1119 805 1270 849 autem
1304 803 1480 850 laminis
1517 804 1604 849 illis
1639 816 1688 850 se
1723 803 2017 863 adjungente.

258 895 442 941 Maxilla
476 894 686 953 superior
707 891 760 954 ¹),
819 907 910 954 quo
952 894 1130 941 nomine
1166 895 1400 942 brevitatis
1439 908 1580 942 causa
1612 895 1804 942 duarum
1839 896 2020 943 lamina-

257 999 357 1032 rum
393 986 663 1032 anteriorem
699 984 906 1044 appeIIO,
961 985 1180 1032 fornicem
1217 989 1475 1042 arcuatum,
1532 1000 1713 1033 sursum
1744 999 2017 1045 convexum,

258 1078 488 1134 efformat‚
544 1079 589 1123 et
633 1079 807 1136 partem
844 1079 1075 1124 externam
1109 1090 1272 1124 versus
1308 1079 1536 1137 utrimque
1573 1079 1783 1126 lacunam
1820 1079 2021 1136 triangu-

256 1168 397 1215 larem
428 1168 638 1225 ostendit,
674 1181 758 1227 per
794 1181 931 1227 quam
954 1169 1188 1215 musculus
1215 1170 1486 1217 constrictor
1513 1171 1604 1217 oris
1630 1171 1787 1217 tendit.
1835 1170 2017 1217 Maxilla

256 1260 444 1307 inferior
513 1260 693 1306 duabus
748 1260 954 1307 consistit
1004 1261 1315 1319 prominentiis
1364 1262 1508 1308 osseis
1544 1262 1703 1309 leviter
1745 1262 2014 1319 incurvatiS,

257 1364 377 1412 quae
412 1354 542 1411 parte
578 1350 727 1397 media
761 1351 878 1397 inter
912 1363 961 1397 se
997 1363 1147 1397 massa
1180 1352 1479 1410 ligamentosa
1515 1353 1787 1413 conjunctae
1821 1356 1938 1400 sunt.

392 1442 661 1502 Apparatus
698 1443 903 1504 operculi
938 1443 1084 1489 tribus
1110 1443 1318 1490 consistit
1349 1445 1573 1503 partibu5‚
1612 1458 1773 1504 nempe
1800 1445 2017 1504 operculo

252 1534 437 1594 proprie
464 1534 530 1581 sic
558 1535 696 1591 dicto,
736 1534 863 1594 quod
895 1548 1075 1581 sursum
1113 1537 1217 1582 cute
1251 1538 1434 1583 externa
1467 1539 1512 1583 et
1543 1537 1751 1583 musculo
1789 1549 1872 1583 suo
1902 1537 2021 1583 leva-

250 1629 349 1673 tore
384 1625 548 1672 fornici
598 1625 739 1672 cranii
776 1627 968 1673 affixum
1020 1629 1114 1683 est,
1171 1629 1215 1673 et
1258 1627 1444 1674 duabus*
1485 1628 1674 1674 lamellis
1713 1628 2017 1686 cartilagineis

252 1717 425 1777 parviS,
479 1729 625 1777 paene
672 1718 1011 1775 susiformibUS,
1064 1732 1205 1779 quae,
1258 1732 1360 1765 cum
1404 1719 1621 1766 inferiore
1667 1718 1768 1777 ejus
1812 1719 2018 1777 margine

253 1808 441 1855 firmiter
490 1809 708 1866 coalitae,
763 1822 845 1868 pro
900 1811 1222 1869 suboperculis
1272 1811 1431 1857 haberi
1476 1814 1685 1870 possunt.
1754 1810 2017 1868 Ligamento

253 1900 432 1947 modice
467 1900 685 1947 adstricto
724 1902 769 1947 et
803 1900 919 1947 haec
949 1901 1259 1960 subopercula
1286 1905 1330 1947 et
1355 1902 1620 1960 operculum
1645 1914 1748 1948 cum
1773 1914 1876 1949 osse
1906 1915 2021 1961 sym-

253 1991 447 2050 plectico
493 1996 538 2039 et
580 1995 743 2051 postea
789 2005 891 2038 cum
937 1993 1120 2039 maxilla
1163 1992 1379 2040 inferiore
1419 1992 1662 2051 conjuncta
1701 1996 1837 2052 sunt3
1892 1993 2018 2053 quod

255 2083 546 2141 ligamentum
584 2083 864 2130 Stannius
912 2083 958 2129 in
993 2083 1304 2142 Accipensere
1347 2084 1733 2143 interoperculum
1769 2087 1916 2132 vocat.
1955 2111 2014 2120 —-

256 2176 479 2222 Deorsum
525 2186 685 2220 versus
732 2175 973 2235 utriusque
1015 2176 1171 2222 lateris
1220 2179 1468 2235 apparatus
1511 2178 1715 2236 operculi
1760 2178 2019 2224 membrana

257 2279 448 2314 carnosa
484 2265 717 2325 jungitur,
773 2280 891 2327 quae
941 2268 1084 2315 scutis
1127 2268 1393 2315 claviculam
1437 2269 1698 2326 tegentibus
1744 2270 1887 2315 affixa
1935 2271 2017 2315 est.

257 2358 619 2417 Scaphirhynchi
660 2358 910 2405 claviculae
958 2359 1075 2406 inter
1121 2373 1170 2407 se
1214 2373 1304 2407 non
1348 2359 1689 2419 conjunguntur
1730 2360 1776 2406 in
1813 2360 2021 2420 corporis

256 2449 377 2496 linea
417 2449 566 2496 media
605 2450 820 2506 ventrali,
874 2449 1083 2510 duasque
1129 2451 1174 2497 in
1217 2450 1405 2497 laminas
1444 2451 1615 2498 divisae
1653 2452 1856 2498 canalem
1892 2454 2022 2511 parte

255 2541 434 2600 postica
471 2543 679 2600 apertum
711 2543 1008 2597 conformant,
1043 2542 1088 2588 in
1126 2555 1261 2602 quem
1292 2556 1398 2601 pars
1433 2544 1745 2591 musculorum
1782 2544 2020 2603 pinnarum

258 2632 486 2679 emittitur.
547 2632 841 2679 Extrinsecus
879 2632 1022 2679 scutis
1058 2632 1239 2680 duobus
1276 2634 1451 2692 magnis
1487 2635 1630 2682 altero
1660 2635 1795 2694 juxta
1831 2635 2023 2681 alterum

258 2723 356 2770 sitis
401 2726 550 2770 tectae
596 2727 841 2783 apparent,
894 2737 1013 2783 quae
1055 2738 1267 2784 prorsum
1314 2726 1373 2772 ad
1409 2727 1727 2774 branchiarum
1763 2730 2024 2786 aperturam

258 2829 419 2864 versus
467 2816 696 2876 utrimque
735 2816 980 2863 admodum
1017 2817 1172 2864 excisa
1217 2821 1343 2876 sunt,
1396 2821 1436 2865 et
1483 2818 1542 2865 ad
1586 2822 1760 2878 partem
1804 2818 2024 2877 posticam

394 3009 433 3054 1)
481 3008 560 3044 Hoc
583 3010 665 3045 loco
689 3009 729 3044 id
753 3020 862 3054 agere
893 3019 967 3043 non
999 3019 1215 3054 possumus,
1255 3013 1312 3052 ut„
1357 3012 1565 3045 anatomiae
1597 3014 1826 3056 comparatae
1859 3014 2026 3056 respectu

257 3065 385 3101 habito
401 3094 410 3111 ,
449 3067 727 3111 perquiramus,
757 3071 846 3111 quot
869 3078 951 3101 ossa
976 3070 1010 3100 et
1035 3078 1216 3111 quaenam
1242 3068 1281 3100 in
1310 3067 1513 3102 formandis
1539 3068 1597 3102 his
1622 3069 1771 3103 laminis
1797 3071 1939 3113 partem
1962 3068 2025 3102 ha—

260 3125 390 3168 beant,
431 3124 495 3158 sed
519 3124 558 3157 id
583 3128 724 3158 tantum
750 3129 974 3168 spectamus„
1009 3127 1049 3157 ut
1074 3135 1199 3157 earnm
1224 3124 1381 3157 sormam
1406 3125 1674 3168 describamus,
1703 3136 1774 3169 qua
1799 3125 1842 3159 de
1866 3136 1925 3169 re,
1964 3136 2026 3159 no-

259 3183 359 3215 mine
394 3182 572 3215 maxillae
598 3182 799 3226 superioris
825 3192 926 3225 usus,
954 3191 1086 3225 negare
1112 3182 1249 3224 nolim,
1291 3182 1366 3214 alia
1391 3192 1535 3225 quoque
1561 3193 1662 3227 ossa,
1701 3186 1740 3216 ut
1770 3182 2024 3227 pterygoidea‚

261 3239 426 3282 palatina
452 3242 533 3283 etc¹7
561 3239 608 3272 ad
632 3239 807 3272 fornicem
833 3240 911 3272 cavi
924 3240 1001 3272 ovis
1027 3239 1324 3272 constituendum
1349 3239 1492 3283 aliquid
1517 3240 1694 3275 conferre.
1747 3238 1801 3275 Cf.
1830 3239 2024 3274 muller:

258 3295 512 3341 Myxinoiden.
562 3295 645 3330 Thl.
675 3295 703 3340 Ι,
731 3306 812 3340 pag.
839 3295 931 3341 2103
959 3296 1180 3332 Stannius
1205 3296 1229 3331 1.
1258 3307 1286 3332 c.
1314 3308 1396 3342 pag.
1423 3296 1501 3333 250.
