2293 3796
1141 183 1190 224 31

287 334 449 380 tubera
474 332 611 391 plana
635 331 906 390 irregularia
934 332 1145 389 ostendit,
1183 332 1304 379 intus
1329 333 1530 380 intestini
1557 334 1757 382 duodeni
1783 336 2043 383 membrana

285 436 473 470 mucosa
510 423 754 470 obductus,
838 424 892 470 Et
942 426 1090 470 forma
1136 425 1180 470 et
1222 424 1488 482 superficiei
1530 425 1683 472 indole
1720 439 1822 472 cum
1857 440 2044 487 respon-

285 514 420 561 dente
464 514 788 573 Accipenseris
832 517 963 573 parte
1007 527 1268 573 congruens
1321 515 1445 562 sinus
1491 516 1567 562 ille
1610 517 1835 575 parietum
1879 521 2043 566 natura

283 605 450 663 differt,
486 606 565 665 qui
596 606 642 652 in
677 605 1002 664 Accipensere,
1042 605 1209 652 crassis
1247 605 1462 652 fibrarum
1489 608 1814 655 muscularium
1847 609 2042 657 laevium

280 697 433 744 stratis
461 697 725 751 constructi,
754 696 887 743 solidi
914 696 1111 755 durique
1136 700 1372 755 apparent,
1402 698 1447 745 in
1472 699 1862 760 Scaphirhyncho‚
1892 714 2042 761 aeque

280 801 335 835 ac
380 788 579 835 duodeni
624 788 803 848 paries,
850 788 993 834 teneri
1027 790 1283 847 tenuesque
1337 792 1455 836 sunt.
1535 790 1659 837 Intus
1698 791 1786 838 iste
1827 793 1954 839 sinus
1996 793 2042 840 in

280 881 513 939 complura
539 881 686 940 spatia
723 894 781 927 ex
807 881 1005 937 oblongo
1034 880 1245 937 rotunda,
1280 880 1488 927 radiatim
1513 882 1676 940 posita,
1712 896 1830 942 quae
1856 884 1901 930 in
1927 897 2044 931 com-

278 985 457 1019 munem
494 975 689 1028 foveam,
736 975 893 1019 contra
940 972 1149 1031 pylorum
1194 973 1239 1019 in
1287 972 1489 1020 duodeni
1526 987 1686 1021 cavum
1718 978 2040 1033 transeuntem,

279 1067 541 1120 confluunt,
578 1064 752 1111 divisus
790 1067 874 1111 est.

410 1201 712 1258 Duodenum,
763 1204 880 1249 cent.
927 1198 1001 1265 145
1036 1201 1249 1260 longum,
1308 1203 1500 1261 primum
1553 1204 1793 1251 ventriculi
1842 1205 2043 1265 portioni

274 1293 446 1352 primae
479 1294 775 1341 descendenti
810 1294 1093 1354 impositum,
1129 1297 1256 1341 recta
1290 1294 1505 1342 deorsum
1540 1296 1810 1355 porrigitur,
1847 1310 1903 1344 ac
1936 1301 2044 1355 tum,

275 1398 432 1432 arcum
469 1385 735 1433 dextrorsus
781 1399 1036 1433 convexum
1078 1388 1281 1433 formans
1325 1390 1369 1434 et
1398 1389 1602 1447 paullum
1641 1391 1947 1446 coarctatum,
1986 1389 2047 1436 ad

274 1480 450 1536 partem
484 1478 710 1525 sinistram
735 1479 940 1535 vertitur,
981 1492 1072 1538 quo
1106 1481 1247 1536 facto,
1285 1480 1435 1526 subito
1462 1493 1610 1539 paene
1635 1481 1761 1539 globi
1786 1481 1831 1527 in
1856 1483 2047 1528 formam

274 1568 536 1627 dilatatum,
585 1571 736 1618 denuo
776 1570 1069 1618 dextrorsum
1101 1571 1326 1627 flectitur,
1378 1585 1432 1618 ac
1464 1571 1686 1632 denique,
1740 1572 1904 1619 iterum
1934 1586 2047 1620 arcu

274 1660 544 1709 dextrorsus
579 1675 784 1709 convexo
830 1664 1091 1718 efformat0‚
1143 1662 1453 1708 sinistrorsum
1503 1676 1552 1709 se
1584 1666 1765 1710 vertens
1801 1664 1847 1710 in
1878 1665 2048 1711 intesti-

271 1767 378 1801 num
411 1754 636 1801 valvulam
674 1754 886 1814 spiralem
924 1755 1159 1802 continens
1193 1755 1366 1802 transit.
1434 1756 1644 1802 Duodeni
1670 1757 1930 1803 membrana
1954 1770 2046 1804 mu-

275 1858 400 1902 cosa,
435 1859 554 1905 quae
589 1845 735 1902 simul,
774 1849 825 1892 ut
861 1846 1326 1902 commemoravimUS,
1372 1847 1519 1893 sinum
1553 1848 1887 1907 appendicibus
1923 1849 2048 1909 pylo-

270 1937 377 1984 ricis
408 1937 761 1996 respondentem
789 1938 978 1995 obtegit,
1015 1938 1215 1997 speciem
1251 1938 1537 1985 reticulatam
1568 1940 1774 1998 praebet,
1810 1941 1927 1987 inter
1960 1941 2045 1987 sin-

270 2030 404 2088 gulas
436 2030 544 2076 retis
580 2030 783 2076 maculas
821 2029 997 2076 lacunis
1040 2030 1299 2089 polygoniis
1344 2030 1639 2089 interpositis,
1714 2033 1924 2079 Ceterum
1955 2045 2045 2079 non

272 2122 415 2169 omnis
448 2122 648 2168 intestini
685 2121 833 2168 tenuis
879 2122 1139 2168 membrana
1186 2136 1376 2169 mucosa
1417 2125 1536 2171 hanc
1573 2127 1848 2172 structuram
1881 2124 2045 2171 reticu-

270 2214 407 2261 latam
441 2216 597 2270 oflert,
644 2214 815 2274 quippe
850 2227 969 2274 quae
1002 2218 1174 2261 tantum
1211 2215 1270 2261 ad
1307 2215 1616 2263 dilatationem
1655 2216 1756 2276 ejus
1789 2216 2042 2275 globosam,

275 2305 332 2353 de
369 2319 461 2366 qua
496 2306 769 2353 mentionem
804 2306 1013 2361 fecimUS,
1050 2306 1290 2365 pertineat.

406 2444 674 2492 Intestinum
716 2445 896 2492 valvula
933 2444 1204 2492 instructum
1257 2444 1360 2492 coni
1406 2444 1559 2491 obtusi
1602 2447 1791 2493 formam
1832 2446 2039 2506 praebet,

274 2535 409 2596 cujus
434 2537 559 2584 basis
588 2536 849 2584 duodenum
876 2537 1124 2595 contingat,
1163 2536 1293 2595 apice
1322 2536 1486 2583 obtuso
1513 2536 1559 2583 in
1583 2536 1841 2585 intestinum
1867 2542 2041 2586 rectum

274 2629 486 2676 abeunte.
558 2628 670 2687 Ejus
710 2628 949 2687 longitudo
992 2626 1021 2675 9
1057 2630 1172 2675 cent.
1208 2631 1391 2688 aequat.
1463 2629 1622 2676 Totum
1654 2630 1745 2676 hoc
1779 2631 2040 2678 intestinum

274 2721 454 2768 valvula
489 2720 669 2779 spiralis
702 2720 905 2780 quinque
943 2720 1216 2767 circuituum
1248 2721 1436 2780 trajicit,
1483 2734 1604 2781 quae
1640 2722 1698 2768 ad
1731 2723 1949 2782 parietem
1979 2723 2042 2770 in-

274 2815 451 2860 ternum
487 2812 639 2859 scalae
673 2812 854 2871 spiralis
885 2812 1029 2858 instar
1065 2812 1241 2869 circuit,
1280 2815 1325 2860 et
1359 2813 1402 2859 in
1439 2826 1552 2872 gyro
1583 2814 1737 2861 infimo
1775 2814 2042 2872 angustissi-

273 2918 346 2952 ma
382 2908 588 2965 apparet,
629 2904 844 2964 quoniam
880 2905 970 2952 hoc
1003 2904 1104 2951 loco
1137 2917 1227 2951 non
1260 2918 1408 2965 usque
1445 2906 1490 2952 in
1521 2906 1720 2954 medium
1757 2919 1917 2952 cavum
1941 2918 2042 2965 per-

274 2997 400 3044 tinet.
488 2997 704 3045 Valvnlae
759 2996 978 3054 altitudo,
1035 3010 1127 3057 quo
1180 2998 1283 3045 loco
1335 2997 1526 3044 maxima
1580 3000 1674 3055 est,
1730 2998 2041 3045 centimetrum

275 3089 519 3149 adaequat.
588 3088 793 3137 Intestini
828 3088 968 3148 hujus
1012 3089 1272 3136 membrana
1317 3102 1507 3136 mucosa
1556 3088 1698 3137 laevis
1732 3091 1815 3136 est.
1881 3089 2040 3146 Etiam,

276 3181 402 3241 quod
438 3182 498 3228 ad
527 3182 646 3228 hanc
681 3183 855 3229 tractus
885 3180 1153 3228 intestinalis
1183 3182 1357 3239 partem
1394 3182 1593 3240 spectat,
1638 3180 2041 3241 Scaphirhynchus

275 3271 574 3334 Accipenseri
610 3275 819 3334 proxime
851 3274 1044 3332 accedit,
1081 3288 1107 3322 a
1140 3287 1231 3335 quo
1268 3276 1441 3323 tantum
1472 3287 1692 3334 gyrorum
1727 3273 1935 3322 valvulae
1959 3286 2043 3321 nu-
