2293 3796
1112 191 1166 231 35

1014 249 1276 257 ————.--—-

272 342 449 398 habite,
483 342 575 388 huc
611 353 702 388 non
738 341 1020 401 pertineant,
1075 344 1226 387 tamen
1263 352 1367 387 cum
1405 339 1590 397 organis
1626 339 1760 386 modo
1800 339 2045 398 descriptis

271 436 396 479 arcte
439 432 683 491 conjuncta
729 434 849 479 sunt.
905 432 1068 479 Vesica
1107 432 1335 479 natatoria
1378 433 1521 478 ferme
1554 429 1583 478 9
1623 434 1740 481 cent.
1778 431 1942 490 longa,
1997 434 2049 478 ut

271 536 410 582 supra
441 524 531 583 jam
556 524 917 580 commemoravi,
956 524 1107 582 amplo
1135 523 1278 570 ductu
1300 523 1605 582 pneumatiCO,
1646 523 1726 583 qui
1760 523 1806 570 in
1843 523 2049 582 superio-

269 628 363 661 rem
389 615 563 673 primae
589 615 829 678 ventriculi
856 615 1076 673 portionis
1104 616 1328 675 parietem
1355 615 1458 671 exit,
1498 628 1601 661 cum
1626 617 1776 661 tractu
1802 614 2050 661 intestinali

272 704 517 764 conjuncta
554 709 637 752 est.
707 708 857 764 Supra
894 706 1194 753 ventriculum
1230 707 1539 766 intestinaque
1576 707 1728 765 posita
1766 706 1940 753 ambitu
1978 720 2050 752 su-

270 797 451 855 periore
489 798 588 844 cavi
626 797 861 844 visceralis
895 796 1059 855 parieti
1096 796 1321 852 accrevit,
1374 799 1418 842 et
1454 809 1481 842 a
1516 796 1739 843 lateribus
1777 799 1822 843 et
1858 810 1885 843 a
1920 799 2050 855 parte

269 888 486 935 inferiore
523 889 757 947 peritoneo
798 888 998 934 obducta
1032 891 1115 934 est.
1174 887 1328 934 Inveni
1359 900 1458 933 eam
1493 901 1643 933 massa
1677 888 1875 947 quadam
1909 889 2048 945 molli,

271 993 391 1040 quae
432 980 577 1039 primo
622 980 848 1039 adspectu
894 979 1047 1026 scobis
1098 979 1338 1025 crassioris
1383 980 1674 1026 humectatae
1712 980 2050 1027 similitudinem

271 1073 546 1131 praebebat,
595 1073 838 1131 impletam.
930 1071 1230 1129 Microscopio
1267 1071 1311 1116 in
1361 1084 1496 1117 usum
1547 1075 1739 1129 vocato,
1803 1073 1893 1118 hoc
1947 1085 2052 1118 con-

270 1167 444 1211 tentum
499 1164 817 1223 crystallorum
872 1164 1050 1210 acubus
1108 1163 1319 1209 slmilium
1370 1163 1549 1222 copiam
1605 1163 1826 1221 ostendit,
1889 1165 2052 1224 quales

271 1256 484 1316 Leydig
510 1254 548 1317 1)
586 1256 764 1303 omnino
798 1256 843 1302 in
877 1255 1031 1302 vesica
1061 1255 1289 1302 natatoria
1326 1255 1485 1301 obvias
1521 1255 1788 1315 descripsit,
1836 1268 2052 1316 quaeque

273 1361 330 1395 ex
364 1348 625 1394 membrana
663 1347 764 1406 ejus
798 1348 975 1394 interna
1013 1347 1192 1406 dilapsa
1227 1347 1507 1406 repetendae
1544 1352 1663 1395 sunt.

408 1439 516 1486 Lien
564 1452 732 1499 corpus
775 1439 959 1498 planum
997 1441 1041 1485 et
1077 1439 1326 1497 oblongum
1394 1440 1561 1486 coloris
1597 1440 1774 1487 intense
1818 1441 1941 1487 susci
1977 1455 2054 1501 ap-

271 1534 416 1590 paret,
452 1531 652 1578 duodeni
682 1531 802 1589 parti
835 1544 1077 1589 supremae
1104 1531 1230 1578 recta
1259 1531 1555 1578 descendenti
1580 1532 1815 1590 peritoneo
1843 1534 2049 1580 affixum.

272 1625 422 1671 Lienis
459 1637 656 1683 corpora
693 1624 976 1680 accessoria,
1025 1636 1146 1683 quae
1183 1621 1519 1685 stannius2)
1553 1625 1597 1670 in
1635 1624 1948 1684 Accipensere
1985 1638 2054 1672 re-

274 1716 418 1775 perit,
455 1716 668 1776 equidem
702 1717 747 1763 in
784 1717 1161 1776 Scaphirhyncho
1200 1717 1446 1764 observare
1483 1729 1574 1763 non
1610 1717 1755 1775 potui.

610 1862 696 1924 Β,
769 1864 1102 1930 Dryanta
1138 1862 1708 1931 uroyenz'talia.

409 1992 774 2052 Scaphirhynclli
809 2005 981 2050 organa
1013 1984 1320 2050 urogenitalia
1347 2004 1558 2050 magnam
1584 1992 1747 2038 horum
1773 2005 2052 2050 organorum

271 2085 316 2131 in
352 2085 649 2145 SpatulariiS‚
686 2087 738 2131 ut
775 2097 829 2131 ea
866 2083 1180 2147 Wagner-3)
1221 2087 1266 2131 et
1302 2084 1470 2144 Hyrtl
1494 2081 1539 2146 4)
1577 2083 1935 2143 descripserunt,
1973 2099 2053 2145 po-

271 2177 530 2237 steriorque
568 2178 625 2223 de
663 2177 923 2235 Spatularia
967 2177 1080 2223 folio
1121 2176 1386 2232 delineavit,
1444 2176 1783 2223 similitudinem
1829 2179 2049 2224 referunt.

268 2270 417 2316 Renes
464 2272 593 2316 extra
632 2269 917 2327 peritoneum
963 2268 1202 2315 columnae
1239 2268 1486 2315 vertebrali
1528 2268 1735 2327 proxime
1782 2268 2049 2328 adjacentes

267 2361 513 2420 utrimque,
553 2361 669 2407 alter
706 2360 898 2406 alterum
924 2373 1013 2406 non
1051 2360 1386 2418 contingenteS,
1418 2360 1463 2406 in
1498 2361 1737 2419 superiore
1775 2361 1875 2408 cavi
1910 2361 2051 2408 visce-

268 2453 378 2500 ralis
417 2455 506 2500 fine
538 2455 658 2499 infra
694 2453 925 2511 scapulaS,
960 2465 1156 2511 corpore
1192 2453 1300 2509 lato,
1336 2452 1512 2499 initium
1550 2453 1756 2511 capiunt,
1797 2456 1842 2500 et
1878 2454 2049 2500 sensim

269 2546 562 2602 angustiores
600 2546 735 2602 facti,
792 2544 986 2591 funiculi
1034 2544 1241 2603 subnigri
1288 2545 1441 2603 specie
1479 2545 1536 2591 ab
1573 2548 1773 2605 utroque
1810 2547 2049 2594 columnae

265 2638 532 2684 vertebralis
578 2638 721 2684 latere
758 2650 840 2696 per
877 2640 1020 2684 totum
1059 2650 1220 2684 cavum
1258 2637 1481 2684 viscerale
1521 2638 1737 2684 deorsum
1780 2638 2045 2685 decurrunt.

265 2729 550 2789 Simulatque
576 2730 635 2775 ad
663 2730 862 2777 vesicam
890 2729 1137 2775 urinariam
1172 2729 1407 2776 bicornem
1443 2732 1763 2788 pervenerunt,
1804 2729 1894 2777 duo
1933 2730 2050 2776 suni-

265 2821 370 2878 culi‚
409 2821 595 2869 latiores
633 2822 765 2879 facti,
805 2822 891 2868 sub
929 2821 1139 2868 columna
1175 2821 1421 2868 vertebrali
1456 2821 1575 2868 inter
1611 2834 1661 2868 se
1690 2820 1964 2880 junguntur,
2004 2823 2049 2868 et

263 2925 318 2960 ex
353 2915 483 2972 parte
524 2913 706 2961 vesicae
742 2913 972 2960 urinarIae
1021 2925 1192 2960 cornua
1228 2916 1414 2972 tegunt,
1471 2914 1509 2960 si
1553 2925 1611 2960 ex
1646 2916 1776 2973 parte
1830 2913 2047 2960 inferiore

397 3050 431 3090 1)
479 3049 673 3084 Lehrbuch
710 3049 775 3084 der
815 3048 1026 3093 Histologie
1059 3048 1125 3083 der
1158 3049 1361 3084 Menschen
1399 3048 1476 3084 und
1508 3048 1663 3093 Thiere,
1708 3049 1912 3083 Frankfurt
1944 3060 1974 3082 a.
1997 3048 2044 3082 M.

263 3107 367 3151 1857,
394 3119 478 3152 pag.
507 3108 583 3142 380.

394 3164 428 3205 1)
478 3165 504 3199 l.
535 3176 563 3199 e.
592 3174 676 3209 pag.
705 3162 784 3198 206.

399 3232 434 3273 2)
481 3234 507 3267 l.
535 3245 563 3267 e.
591 3244 675 3278 pag.
703 3234 759 3267 13.

398 3302 431 3346 3)
480 3302 508 3337 l.
535 3312 565 3336 e.
590 3312 675 3346 pag.
702 3300 762 3335 65.
812 3299 903 3336 Tap.
928 3300 956 3336 Ι.
1005 3299 1086 3345 Fig.
1113 3301 1147 3336 1.
