2293 3796
1103 130 1156 172 27

254 288 387 336 modo
414 285 752 345 descripsimus.
815 285 954 343 Septa
991 286 1263 339 transversa,
1304 282 1547 329 decursum
1574 282 1808 342 obliquum
1832 295 1858 328 a
1884 285 2014 341 parte

254 379 479 426 anteriore
517 381 561 424 et
599 377 835 435 superiore
879 379 1127 423 retrorsum
1163 374 1469 433 deorsumque
1518 373 1729 429 tenentia,
1801 376 1896 420 toto
1942 373 2018 420 de-

255 483 393 517 cursu
430 481 512 515 suo
552 470 718 525 costis,
759 480 1002 528 quousque
1038 467 1124 512 hae
1162 465 1346 521 adsunt,
1387 466 1555 521 affixa,
1612 467 1741 523 septo
1780 465 2016 523 superiore

253 561 309 607 ad
347 563 520 619 partem
554 561 778 607 dorsalem
815 559 1009 606 musculi
1044 558 1245 604 lateralis
1282 556 1536 616 pertinente
1570 558 1746 615 partem
1771 557 2018 604 ventralem

255 665 281 698 a
318 652 487 698 dol-sali
523 652 754 707 limitante,
794 653 1018 710 septoque
1050 649 1266 696 inferiore
1291 649 1543 708 portionem
1571 649 1852 706 superiorem
1876 648 2018 707 partis

254 744 467 790 ventraHs
504 744 560 790 ab
597 743 811 789 inferiore
849 742 1097 797 dirimente,
1135 741 1284 799 spatia
1317 740 1660 800 quadrangula,
1698 752 1893 785 massam
1927 753 2022 785 mu-

255 836 479 881 scularem
507 834 796 889 continentia,
835 833 1087 879 includunt.
1153 831 1299 888 Quum
1335 844 1486 891 neque
1523 834 1653 889 septa
1681 831 2019 888 descendentia,

253 940 339 974 nec
359 928 598 986 superiora
621 930 760 985 atque
779 925 1010 981 inferiora,
1039 925 1219 982 angulis
1245 924 1397 979 rectiS,
1424 924 1584 970 horum
1606 923 1856 981 spatiorum
1877 923 2021 969 fundo

255 1019 467 1077 imposita
503 1019 603 1075 sint,
643 1022 782 1078 atque
816 1019 961 1064 latera
998 1018 1115 1063 inter
1151 1029 1200 1062 se
1238 1015 1452 1075 opposita
1486 1015 1729 1061 decursum
1755 1015 2025 1073 parallelum

255 1110 428 1166 ineant,
483 1109 860 1168 parallelipipeda
914 1109 1048 1166 plana
1103 1110 1323 1167 quattuor
1357 1107 1550 1153 laterum
1595 1107 1840 1163 exsistunt,
1895 1107 2022 1161 fibris

256 1201 592 1248 muscularibus
629 1201 820 1259 expleta.

398 1292 552 1339 Portio
591 1292 794 1338 secunda
827 1305 979 1352 eaque
1014 1291 1204 1337 inferior
1249 1290 1392 1349 partis
1436 1289 1650 1336 ventralis
1687 1291 1881 1337 musculi
1918 1291 2027 1338 late-

258 1385 368 1432 ralis
407 1397 432 1430 a
469 1384 589 1430 facie
622 1387 811 1431 externa
837 1383 1055 1430 inferiore
1082 1382 1274 1428 laminae
1308 1381 1577 1440 posterioris
1605 1380 1857 1428 claviculae
1889 1381 2026 1441 juxta

259 1490 315 1523 m.
344 1475 631 1535 depressoris
669 1476 784 1522 ossis
821 1475 1008 1534 hyoidei
1045 1477 1090 1521 et
1127 1487 1318 1520 arcuum
1354 1473 1687 1519 branchialium
1726 1474 1943 1532 originem
1983 1477 2028 1521 et

259 1581 381 1628 pone
418 1581 516 1613 eam
553 1567 726 1613 initium
765 1567 900 1625 capit.
975 1568 1114 1625 Septa
1150 1565 1226 1612 hic
1263 1565 1465 1611 similiter
1502 1578 1550 1611 se
1587 1565 1771 1621 habent,
1807 1568 1946 1625 atque
1982 1566 2027 1612 in

260 1660 471 1720 portione
508 1658 641 1704 modo
681 1658 924 1716 descripta,
966 1671 1020 1704 eo
1057 1660 1204 1704 tamen
1239 1657 1500 1703 discrimine
1536 1656 1861 1714 intercedente,
1902 1659 2028 1717 quod

263 1754 394 1811 septa
421 1750 674 1797 musculum
703 1749 994 1796 transversim
1027 1749 1299 1807 trajicientia
1335 1761 1424 1795 non
1461 1749 1618 1806 costiS,
1656 1750 1743 1795 hac
1769 1749 1815 1795 in
1839 1750 2028 1808 regione

264 1842 599 1898 deficientibUS,
621 1841 762 1887 affixa
787 1844 904 1896 sunt,
942 1840 1161 1900 quodque
1187 1853 1278 1886 non
1305 1853 1330 1886 a
1356 1842 1484 1898 parte
1509 1841 1737 1886 anteriore
1761 1844 2026 1898 retrorsum,

265 1935 346 1982 sed
378 1935 476 1982 vice
514 1947 644 1980 versa
682 1933 945 1989 decurrunt,
985 1947 1087 1979 cum
1120 1933 1262 1992 septis
1301 1933 1572 1980 transversis
1595 1933 1819 1992 portionis
1855 1933 2029 1992 primae

265 2027 458 2085 angulos
496 2026 555 2073 ad
591 2026 821 2073 anterIOra
858 2029 1044 2085 apertos
1083 2026 1384 2072 efformantia.
1459 2027 1680 2072 Deorsum
1730 2025 1790 2071 ad
1835 2025 2031 2071 musculi

265 2120 448 2166 limitem
483 2131 645 2166 versus
677 2119 793 2164 hacc
824 2118 1090 2176 ligamenta,
1141 2131 1232 2177 quo
1271 2118 1416 2164 minor
1450 2117 1645 2164 musculi
1681 2117 1912 2164 crassities
1946 2120 2028 2173 est,

268 2225 321 2260 eo
350 2211 559 2258 tenuiora
583 2211 823 2269 minusque
850 2211 941 2256 alta
969 2209 1180 2265 evadunt,
1217 2222 1271 2255 ac
1298 2209 1496 2268 denique
1524 2209 1702 2256 omnino
1737 2212 2028 2256 evanescunt.

266 2305 511 2351 Praeterea
539 2303 654 2349 haec
685 2303 834 2360 portio
862 2303 1052 2348 inferior
1077 2302 1220 2361 partis
1248 2301 1461 2348 ventralis
1490 2315 1546 2347 m.
1574 2301 1791 2358 late1·aliS‚
1828 2301 1875 2347 id
1906 2301 2032 2361 quod

267 2409 293 2442 a
331 2395 541 2454 portione
578 2394 818 2453 superiore
855 2394 1022 2449 differt,
1062 2394 1213 2440 multis
1252 2394 1393 2452 septis
1430 2393 1856 2452 longitudinalibUS,
1897 2405 2028 2453 quae,

267 2486 515 2534 intervallis
553 2486 663 2532 satis
700 2486 890 2544 paribus
919 2486 1037 2532 inter
1070 2498 1119 2531 se
1153 2486 1381 2542 distantia,
1411 2486 1693 2545 conjungunt
1728 2488 1858 2544 septa
1892 2487 2033 2531 trans-

268 2591 400 2625 versa
437 2578 572 2625 modo
598 2581 961 2633 commemorata,
989 2577 1225 2636 trajicitur,
1262 2578 1324 2624 ita
1350 2581 1396 2625 ut
1422 2578 1617 2637 spatium
1640 2578 1758 2624 inter
1783 2577 1874 2623 duo
1902 2579 2033 2636 septa

271 2673 530 2717 transversa
566 2670 881 2728 interpositum
916 2670 962 2715 in
994 2670 1296 2717 loculamenta
1329 2669 1661 2730 quadrangula,
1706 2682 1862 2728 parva,
1902 2665 2031 2716 6——8

271 2774 475 2817 numero,
531 2774 648 2821 quae
684 2775 880 2808 massam
915 2762 1218 2810 mnscularen]
1255 2763 1508 2818 continent,
1565 2761 1756 2808 divisum
1797 2762 2032 2820 appareat.

272 2855 398 2900 Haec
429 2854 674 2911 ligamenta
701 2854 854 2900 ultima
879 2857 1121 2913 pertenera
1147 2857 1262 2911 sunt,
1297 2855 1533 2914 solumque
1558 2854 1864 2911 ligamentum,
1896 2852 2033 2912 quod,

273 2946 517 3003 analogum
558 2945 612 2991 iis
660 2945 899 2993 decursum
935 2949 1119 3003 tenens,
1178 2946 1290 2993 duas
1344 2946 1487 3005 partis
1535 2945 1749 2993 ventralis
1802 2945 2034 3004 portiones

274 3037 389 3084 inter
426 3050 475 3085 se
513 3037 734 3096 disparat,
774 3038 1142 3085 constitutionem
1179 3039 1422 3085 firmiorem
1461 3037 1674 3085 ostendit.
