2293 3796
1152 207 1206 248 22

341 352 393 418 2)
439 352 642 407 lllucculi
680 352 731 406 in
769 352 926 406 cranii
964 353 1096 407 facie
1131 353 1331 408 laterali
1369 354 1513 408 obvii.
1586 357 1715 418 (Tab.
1742 359 1794 415 Π,
1832 359 1927 416 Fig.
1956 357 2027 421 2.)

438 447 485 493 Si
521 449 670 493 cutem
703 449 948 502 externam,
986 447 1250 504 operculum
1288 449 1332 492 et
1365 450 1495 493 scuta
1533 461 1668 495 ossea
1700 450 1886 496 fornicis
1920 450 2061 496 cranii

300 534 414 582 illud
443 538 678 584 limitantia
714 550 773 583 ex
810 540 939 596 parte
984 540 1209 596 tegentem
1268 551 1416 597 eoque
1451 538 1568 585 inter
1606 552 1656 586 se
1695 539 2058 599 conjungentem,

298 627 572 686 sejunxeriS,
614 628 765 675 statim
803 629 963 675 obvius
997 630 1050 675 fit

439 717 478 766 1.
551 721 606 766 M.
656 720 831 766 levator
882 721 1087 779 operculi
1141 720 1260 782 (Fig.
1300 718 1344 776 2,
1383 720 1458 782 e),
1516 723 1704 767 stratum
1749 723 2059 769 musculosum

295 809 435 855 latum
471 822 526 856 ac
563 813 714 857 tenue.
786 811 862 857 Ad
892 811 1025 870 cnjus
1064 811 1284 870 originem
1319 814 1370 858 ut
1404 812 1716 870 perveniatur,
1756 813 1897 859 cranii
1928 817 2059 860 scuta

298 914 446 958 ossea,
480 915 640 949 cavum
676 903 938 949 branchiale
976 903 1175 962 desuper
1211 903 1491 961 obtegentia,
1540 903 1644 949 inde
1682 916 1709 949 a
1744 905 1947 961 margine
1984 917 2059 951 ex-

297 995 424 1040 terno
462 1006 519 1040 ex
555 997 686 1053 parte
721 994 973 1041 auferenda
1010 997 1128 1050 sunt,
1169 1008 1260 1054 quo
1298 997 1437 1051 facto,
1475 1008 1532 1040 m.
1569 995 1814 1042 levatorem
1851 997 2058 1054 operculi

296 1085 353 1130 ab
387 1084 503 1131 ossis
539 1085 787 1144 parietaliS,
827 1085 951 1144 quod
985 1085 1172 1141 dicitur,
1210 1086 1330 1132 facie
1366 1085 1579 1132 inferiore
1615 1087 1869 1144 posteriore
1906 1087 2057 1134 utrim-

296 1188 386 1235 que
421 1176 653 1235 proficisci
696 1177 1003 1235 cognoscitur.
1073 1177 1163 1224 Per
1203 1177 1393 1236 aliquod
1437 1178 1631 1236 spatium
1671 1179 1756 1224 sub
1791 1179 1931 1225 cranii
1966 1181 2057 1225 for-

292 1267 393 1314 nice
428 1270 669 1326 porrectus
704 1269 823 1327 parti
858 1268 1074 1314 maximae
1111 1269 1326 1326 marginis
1364 1269 1569 1327 operculi
1605 1269 1854 1327 superioris
1891 1269 2055 1316 interni

291 1360 518 1408 inseritur.
590 1363 631 1409 Is
667 1362 902 1409 musculus
940 1362 1205 1422 operculum
1238 1375 1419 1408 sursum
1453 1361 1640 1417 attollit,
1691 1361 1916 1421 simulque
1953 1360 2055 1419 ejus

289 1455 537 1515 marginem
573 1454 835 1502 inferiorem
871 1453 930 1500 ad
966 1457 1140 1512 partem
1177 1456 1408 1500 externam
1448 1466 1606 1500 versus
1642 1456 1814 1509 movet,
1853 1453 2055 1512 superio-

289 1560 385 1594 rem
416 1547 476 1593 ad
510 1546 652 1594 cranii
687 1545 906 1592 fornicem
943 1546 1189 1591 attrahens

425 1639 500 1685 Ad
538 1637 881 1698 disquirendum
929 1640 1119 1684 stratum
1160 1636 1434 1695 profundius
1476 1637 1785 1684 musculorum
1826 1636 1871 1682 in
1913 1636 2054 1682 cranii

288 1729 408 1777 facie
442 1729 621 1776 laterali
657 1729 845 1776 sitorum
883 1729 1148 1788 operculum
1196 1729 1404 1775 musculo
1443 1741 1526 1775 suo
1572 1728 1762 1775 levatori
1799 1728 2053 1774 adhaerens

288 1824 368 1868 aut
405 1821 463 1868 ad
502 1822 703 1868 cranium
738 1820 985 1867 reclinetur
1030 1823 1110 1866 aut
1150 1822 1293 1866 totum
1340 1822 1579 1866 auferatur
1623 1821 1816 1878 oportet.
1887 1819 2051 1865 Amoto

288 1913 439 1972 adipe,
489 1913 620 1973 qu‘us
656 1912 923 1972 praesertim
957 1914 1061 1957 ante
1099 1911 1413 1957 semilunarem
1447 1911 1584 1957 rostri
1609 1911 1864 1957 excisuram
1890 1922 2053 1967 magna

288 2008 357 2052 est
393 2005 547 2063 copia,
595 2008 639 2051 et
674 2004 884 2063 portione
930 2003 1146 2049 inferiore
1189 2002 1330 2061 partis
1370 2002 1620 2061 superioris
1660 2001 1942 2060 suspensorii
1979 2000 2054 2047 de-

286 2097 473 2154 nudata,
512 2097 559 2143 hi
592 2096 788 2143 musculi
823 2096 868 2141 in
905 2097 1202 2153 conspectum
1240 2094 1417 2140 dantur.

423 2186 468 2235 2.
540 2190 595 2235 M.
634 2188 907 2247 protrahens
945 2185 1227 2244 suspensorii
1264 2185 1381 2245 (Fig.
1421 2182 1465 2240 2,
1503 2184 1572 2245 b),
1619 2196 1802 2230 crassus
1840 2196 2052 2242 magnus-

289 2292 398 2338 que,
444 2280 502 2326 ab
545 2280 769 2326 anteriore
804 2278 1007 2337 margine
1057 2277 1200 2336 partis
1244 2276 1495 2336 superioris
1545 2274 1828 2333 suspensorii
1867 2274 2051 2333 oblique

288 2384 468 2417 sursum
500 2374 545 2417 et
577 2384 790 2430 prorsum
836 2370 895 2416 ad
942 2369 1163 2416 fornicem
1211 2367 1352 2414 cranii
1398 2366 1649 2413 adscendit.
1721 2365 1794 2412 Ab
1832 2366 2047 2413 inferiore

285 2462 405 2509 facie
443 2462 561 2509 ossis
597 2463 806 2510 frontalis
843 2461 1081 2508 anterioris
1116 2460 1242 2507 initio
1270 2461 1418 2518 capto,
1456 2458 1644 2516 margini
1669 2457 1881 2503 anteriori
1904 2457 2047 2516 partis

285 2554 536 2612 superioris
573 2554 857 2613 suspensorii
893 2552 1117 2599 inseritur.
1181 2551 1267 2607 Qui
1292 2549 1526 2597 musculus
1558 2548 1901 2607 suspensorium
1925 2561 2049 2606 pror-

286 2659 384 2691 sum
410 2646 559 2703 trahit,
599 2646 778 2706 vimque
814 2645 1009 2691 musculi
1041 2642 1318 2702 porrigentis
1348 2641 1439 2687 oris
1472 2640 1673 2699 adjuvat,
1714 2639 1940 2698 quoniam,
1976 2639 2047 2685 his

282 2738 491 2795 partibus
527 2738 680 2785 intime
712 2737 899 2797 junctis,
938 2732 1245 2795 suspensorio‘
1270 2746 1483 2794 prorsum
1513 2735 1673 2788 tractO,
1709 2731 1840 2778 simul
1870 2743 1920 2778 os
1945 2743 2047 2790 por-

281 2828 366 2886 rigi
402 2842 593 2875 necesse
632 2832 714 2875 est.

420 2917 464 2967 3.
536 2922 592 2967 M.
631 2920 867 2966 retrahens
905 2917 1188 2977 suspensorii
1238 2916 1357 2977 (Fig.
1396 2912 1441 2972 2,
1478 2913 1527 2976 c)
1565 2927 1592 2960 a
1625 2913 1828 2971 margine
1863 2912 2043 2971 postico

282 3010 425 3069 partis
464 3011 717 3070 superioris
757 3009 1053 3070 suspensorii,
1086 3021 1141 3055 ac
1179 3007 1427 3054 secundum
1455 3019 1557 3052 eum
1588 3005 1834 3062 marginem
1861 3004 2046 3064 oblique

280 3105 530 3149 retrorsum
567 3103 626 3149 ad
664 3102 804 3149 cranii
839 3102 1059 3148 fornicem
1096 3099 1253 3146 tendit.
1310 3099 1443 3144 Juxta
1474 3110 1530 3145 m.
1559 3097 1804 3143 levatorem
1840 3095 2045 3154 operculi

279 3193 326 3239 in
371 3194 487 3240 ossis
534 3194 768 3253 parictalis
822 3193 942 3239 facie
995 3191 1210 3238 inferiore
1265 3190 1491 3235 anteriore
1545 3189 1771 3247 utrimque
1824 3188 2041 3243 exoritur,

279 3287 433 3345 atque⁷
465 3285 673 3333 musculo
709 3284 852 3345 priori
890 3282 1143 3344 oppositUS,
1179 3281 1356 3343 postico
1393 3280 1584 3339 margini
1614 3280 1758 3341 partis
1791 3278 2041 3341 superioris
