2293 3796
1115 224 1164 266 19

250 383 492 439 utrumque
523 390 606 438 per
642 391 692 425 se
727 377 772 423 in
806 377 877 424 ovi
910 378 1101 424 sormam
1136 375 1333 424 rotunda
1361 377 1621 422 cernuntur.
1682 374 1857 431 Quibus
1881 386 2010 434 prae-

248 471 418 527 missiS‚
452 470 546 529 jam
583 469 642 515 ad
677 468 910 516 musculos
946 466 1318 528 contemplandos
1355 470 1653 514 transeamus,

588 727 592 734 ι
720 661 780 723 Ι,
855 659 1212 714 Mascula·
1249 659 1536 725 eapitis

545 774 598 842 1)
669 775 720 829 in
758 775 995 829 inferiore
1032 775 1190 829 cranii
1228 775 1354 829 facie
1391 775 1717 829 decurrentes,

666 916 723 974 a)
797 915 988 960 Stratum
1022 915 1288 974 superficiale.
1361 913 1491 976 (Tab.
1530 913 1591 975 Ι.)

389 1042 503 1089 Cute
551 1042 738 1087 externa
779 1039 885 1086 inde
928 1053 954 1086 a
995 1040 1200 1087 maxillae
1239 1040 1466 1088 inferioris
1515 1040 1719 1097 margine
1763 1052 1914 1100 usque
1960 1039 2019 1086 ad

251 1135 570 1181 branchiarum
609 1133 822 1179 fissuram
856 1132 1034 1189 ablata,
1088 1132 1147 1179 ad
1179 1135 1369 1179 stratum
1405 1132 1691 1192 pervenimus
1729 1145 1788 1179 ex
1822 1132 1893 1180 his
1928 1145 2021 1179 mu-

256 1226 394 1273 sculis
433 1225 747 1285 compositum.

394 1339 434 1389 1.
507 1340 741 1387 Musculus
769 1339 995 1386 adductor
1017 1338 1338 1398 operculorum
1368 1338 1498 1400 (Tab.
1520 1339 1551 1393 Ι,
1591 1340 1667 1397 fig.
1698 1336 1782 1396 la,
1813 1339 1865 1402 a)
1901 1340 2021 1387 latus

256 1435 350 1490 est,
405 1435 544 1492 atque
592 1432 708 1478 inter
750 1431 864 1477 duas
902 1432 1190 1478 membranae
1225 1431 1444 1490 opercula
1479 1430 1799 1490 conjungentis
1834 1433 2022 1480 laminas

256 1538 339 1584 per
374 1527 511 1571 totam
551 1536 708 1570 earum
742 1523 1049 1570 extensionem
1083 1523 1336 1569 immersus.
1403 1523 1570 1570 Partim
1607 1536 1666 1569 ex
1703 1524 1884 1571 ossibus
1921 1525 2025 1572 sub-

258 1616 623 1676 opercularibUS,
662 1615 823 1674 partim
863 1627 921 1661 ex
951 1613 1157 1660 inferiori
1185 1614 1504 1673 operculorum
1531 1615 1665 1672 facie,
1705 1617 2026 1665 convenienter

258 1708 318 1754 ad
355 1711 503 1755 ortum
536 1710 772 1754 arcuatum
807 1706 1054 1753 branchiae
1092 1707 1318 1765 operculi,
1359 1707 1515 1761 oritur,
1548 1707 1677 1753 fibris
1716 1710 2026 1766 convergenti-

259 1801 345 1846 bus
382 1799 533 1858 pergit
568 1799 627 1845 ad
656 1799 819 1846 lineam
856 1799 1017 1858 capitis
1053 1799 1260 1856 mediam,
1299 1799 1455 1859 ibique
1488 1800 1693 1847 cohaesit
1728 1814 1827 1848 cum
1867 1802 2027 1849 eodem

257 1891 463 1938 musculo
490 1892 678 1939 alterius
704 1892 859 1938 lateris
886 1894 965 1938 aut
990 1892 1047 1938 ab
1070 1905 1123 1938 eo
1151 1895 1323 1938 tantum
1347 1892 1613 1951 impe1·secte
1641 1896 1894 1952 separatur.
1946 1895 2028 1940 De-

259 1984 451 2030 stinatus
485 1987 554 2030 est
588 1983 768 2030 duobus
807 1983 1037 2043 operculis
1074 1984 1268 2042 propius
1305 1984 1422 2030 inter
1455 1997 1503 2031 se
1529 1985 1837 2044 admovendis5
1878 1998 2028 2047 eoque

257 2076 502 2122 branchiae
540 2077 761 2133 fissurae,
801 2075 839 2122 si
876 2089 929 2122 ea
968 2076 1156 2123 dilatata
1191 2077 1298 2133 suit,
1335 2078 1652 2124 coarctandae.

394 2188 438 2239 2.
507 2191 742 2238 Musculus
780 2191 1020 2251 porrigens
1055 2191 1145 2238 oris
1183 2191 1310 2253 (Fig.
1338 2192 1369 2248 Ι,
1407 2192 1450 2248 b,
1478 2191 1562 2254 b),
1603 2196 1646 2239 et
1676 2192 1813 2252 juxta
1847 2196 1890 2240 et
1925 2196 2030 2240 ante

258 2283 513 2330 musculum
546 2283 744 2342 priorem
779 2284 970 2342 positnS‚
1008 2284 1250 2344 mediaque
1285 2285 1331 2330 in
1366 2287 1496 2343 parte
1534 2285 1591 2330 ab
1628 2285 1704 2332 illo
1733 2285 1910 2332 omnino
1938 2299 2029 2332 non

259 2378 513 2435 separatim,
553 2375 827 2422 semicirculi
862 2376 1007 2423 instar
1044 2389 1095 2423 os
1133 2376 1408 2433 circumdat,
1447 2377 1632 2436 telaque
1671 2378 1891 2425 cellulosa
1925 2378 2031 2424 laxa

257 2468 318 2515 ad
355 2468 472 2515 ossis
508 2468 693 2528 hyoidei
731 2481 900 2527 corpus
933 2470 1105 2515 affixus
1144 2482 1284 2529 supra
1320 2469 1367 2515 id
1400 2469 1686 2524 extenditur,
1733 2473 1801 2527 et,
1847 2470 2031 2517 tendine

257 2561 304 2607 in
338 2561 416 2607 fila
450 2561 683 2619 complura
724 2560 891 2617 divisa,
941 2561 1001 2607 ad
1035 2561 1171 2608 rostri
1209 2562 1447 2608 excisuras
1484 2565 1722 2619 arcuatas,
1779 2563 1837 2608 ab
1875 2576 2032 2610 earum

258 2656 389 2711 parte
433 2653 582 2699 media
627 2653 880 2712 paullulum
919 2653 1147 2701 exteriora
1183 2666 1360 2710 versus,
1408 2655 1636 2702 inseritur.
1707 2654 1750 2700 Is
1798 2654 2031 2701 musculus

261 2743 328 2790 ori
361 2744 640 2803 porrigendo
689 2744 900 2801 inservit,
954 2757 1039 2792 nec
1081 2758 1172 2792 non
1206 2745 1252 2792 in
1295 2745 1551 2793 claudenda
1582 2746 1829 2793 branchiae
1866 2747 2033 2793 fissura

258 2837 434 2893 partem
472 2835 625 2882 habet.

396 2947 440 2998 3.
501 2951 736 2998 Musculus
763 2951 1011 3011 depressor
1036 2953 1246 3001 maxillae
1271 2953 1501 3002 inferioris
1530 2953 1645 3016 (Fig.
1668 2955 1698 3011 Ι,
1727 2955 1792 3017 c),
1825 2954 2032 3001 funiculo

263 3041 439 3100 similiS,
473 3047 646 3091 tantum
684 3057 743 3092 ex
778 3048 910 3104 parte
948 3045 1006 3091 ad
1043 3048 1234 3093 stratum
1271 3047 1564 3106 superficiale
1593 3047 1804 3106 pertinet.
1866 3047 1909 3093 A
1943 3047 2033 3092 fine

261 3133 478 3182 inferiore
514 3136 635 3183 tertii
672 3149 808 3182 arcus
838 3136 1115 3182 branchialis
1155 3137 1281 3183 initio
1327 3140 1486 3197 capte,
1540 3150 1567 3183 a
1604 3140 1735 3196 parte
1773 3137 1953 3196 postica
1991 3138 2036 3181 et

263 3224 481 3273 inferiore
522 3227 582 3273 ad
618 3228 812 3275 anticam
860 3232 904 3276 et
940 3229 999 3275 ad
1037 3230 1325 3288 superficiem
1363 3231 1635 3285 decurrenS,
1693 3243 1794 3275 cum
1848 3240 2036 3286 respon-

267 3317 401 3364 dente
436 3317 591 3367 lateris
626 3320 815 3367 alterius
850 3321 1058 3368 musculo
1088 3321 1134 3368 in
1166 3322 1421 3368 funiculum
1455 3335 1596 3368 unum
1627 3320 1935 3380 conjungitur,
1973 3319 2037 3365 ita

1589 3422 1616 3462 2
