2293 3796
1027 190 1295 254 *ll—m

277 346 439 392 tiarum
474 343 756 402 reagentium
793 343 837 390 vi
869 343 913 389 in
949 343 1040 390 tela
1078 341 1371 402 conjunctiva
1416 343 1625 399 exortaS,
1659 341 1839 389 adesse.
1915 343 2046 391 Nam-

276 448 380 496 que,
420 435 457 481 si
495 435 722 495 ejusmodi
758 439 1080 495 praeparatum
1118 447 1200 494 per
1230 434 1413 489 longius
1451 436 1630 492 tempus
1677 434 1905 480 solutione
1940 434 2045 480 Kali

273 529 515 574 tractatum
551 526 656 573 inde
691 540 813 586 aqua
849 527 1066 584 ablueriS,
1105 529 1199 574 tum
1236 526 1419 573 acidum
1444 526 1667 572 aceticum
1694 526 1960 572 adhibueris
1999 529 2044 573 et

272 619 338 666 sic
374 619 641 666 substantiis
687 619 777 665 illis
820 620 1074 667 alternatim
1117 633 1230 666 usus
1267 619 1436 675 fueris,
1489 631 1580 678 qua
1616 617 1661 664 in
1696 629 1746 662 re
1782 620 1938 676 aptum
1975 619 2044 663 est

271 723 451 770 semper
486 724 621 757 unam
666 711 950 771 eandemque
993 711 1204 757 lacunam
1250 712 1459 768 spectare
1502 722 1557 755 ac
1604 709 1845 768 persequi,
1901 721 2042 768 saepe

271 803 455 850 occasio
502 805 698 850 offertur
735 802 1029 857 observandi,
1086 815 1177 863 quo
1214 801 1372 856 mod0‚
1424 801 1487 858 si,
1544 800 1800 847 substantia
1834 799 2042 858 reagenti

270 907 432 942 recens
469 894 639 951 addita,
678 894 818 941 motio
855 907 911 940 ac
943 893 1133 940 mutatio
1171 895 1420 952 provocata
1456 892 1610 949 suerit,
1657 895 1789 951 gutta
1824 892 2040 938 limitibus

266 986 464 1042 inclusa,
520 988 766 1045 postquam
809 984 1037 1031 interdum
1072 985 1118 1030 in
1156 984 1271 1030 duas
1310 983 1456 1030 divisa
1493 986 1563 1030 est
1600 984 1830 1042 guttulaS‚
1877 996 2042 1042 corpu-

268 1078 444 1125 sculum
472 1077 703 1136 opinatum
728 1079 931 1136 permeet
966 1079 1106 1135 atque
1144 1088 1169 1121 e
1206 1077 1458 1134 conspectu
1502 1076 1652 1122 abeat.
1736 1074 1887 1131 Quare
1921 1075 2041 1122 omni

266 1170 550 1216 dubitatione
584 1169 810 1224 eximitur,
847 1169 979 1215 nobis
1017 1181 1107 1215 non
1136 1168 1427 1227 corpuscula,
1464 1167 1547 1214 sed
1572 1167 1762 1214 lacunas
1789 1167 2037 1214 obversari.

261 1262 507 1308 Praeterea
547 1273 681 1309 verae
718 1262 864 1308 fibrae
898 1274 988 1308 non
1026 1262 1342 1308 observantur.

399 1353 588 1400 Praeter
622 1353 823 1400 rationes
872 1352 1007 1400 modo
1055 1353 1284 1411 expositas
1332 1353 1377 1399 in
1423 1352 1739 1412 superioribus
1784 1353 1896 1399 corii
1934 1354 2040 1400 Sca-

260 1445 533 1506 phirhynchi
570 1446 724 1492 stratis
761 1446 834 1492 hic
866 1445 958 1492 illic
1002 1446 1112 1492 satis
1160 1446 1331 1504 exigua
1376 1446 1595 1504 pigmenti
1642 1458 1700 1492 ex
1747 1445 1876 1504 nigro
1917 1445 2039 1491 fusci

263 1537 395 1597 copia
421 1537 661 1596 reperitur.
736 1536 869 1594 Quod
906 1537 1126 1597 Leydig
1161 1538 1207 1584 in
1232 1538 1466 1597 Polypteri
1498 1538 1623 1584 corio
1664 1537 1895 1585 etiamtum
1920 1537 2038 1583 intra

261 1629 451 1676 cellulas
487 1629 558 1676 vel
592 1629 637 1675 in
675 1629 792 1676 telae
831 1628 1150 1688 conjunctivae
1178 1630 1457 1688 corpuscula
1481 1629 1707 1676 inclusum
1734 1629 1857 1676 vidit.
1902 1628 2037 1688 Equi-

261 1722 362 1769 dem
410 1724 636 1768 extremas
687 1721 953 1767 cellularum
998 1722 1142 1768 lineas
1180 1721 1277 1780 jam
1315 1722 1578 1768 discernere
1613 1721 1792 1781 nequii,
1849 1720 1930 1767 sed
1974 1720 2039 1779 pi-

258 1815 488 1874 gmentum
515 1825 708 1872 semper,
737 1814 962 1861 acervulis
983 1814 1330 1872 irregularibuS,
1358 1814 1477 1861 inter
1501 1814 1751 1861 tasciculos
1778 1814 2038 1873 inspersum

261 1906 572 1953 animadverti.
648 1907 781 1953 Corio
807 1907 1037 1953 inferioris
1064 1907 1201 1953 faciei
1228 1907 1368 1954 cranii
1393 1907 1516 1966 pIUS,
1556 1919 1691 1966 quam
1718 1907 1865 1954 trunci
1893 1907 2033 1965 cori0,

257 1998 477 2058 pigmenti
512 1998 644 2055 inest,
684 1998 861 2045 cellulis
900 2001 1049 2045 tamen
1083 2011 1139 2045 ne
1176 1998 1251 2045 hic
1288 1998 1471 2058 quidem
1509 1998 1786 2057 conspicuis.

394 2090 599 2150 Papillae
636 2090 681 2136 in
720 2091 1087 2150 Scaphirhynchi
1125 2093 1231 2137 cute
1269 2090 1553 2150 deprehendi
1588 2104 1677 2138 non
1702 2094 1911 2150 possunt,
1947 2104 2033 2138 nec

256 2182 342 2230 nisi
378 2183 423 2230 in
461 2182 622 2229 cirrhis
659 2182 890 2242 labiisque
920 2194 1168 2229 occurrere
1194 2182 1420 2229 videntur.
1497 2183 1642 2229 Cirrhi
1668 2186 1900 2230 structura
1927 2186 2032 2230 sunt

254 2275 492 2336 peculiari,
532 2288 634 2322 nam
672 2275 959 2322 extrinsecus
996 2274 1153 2322 eadem
1190 2277 1309 2331 cute,
1350 2288 1469 2335 quae
1505 2275 1551 2322 in
1587 2275 1688 2322 aliis
1726 2276 1888 2334 capitis
1932 2289 2033 2335 par-

256 2369 379 2415 tibus
423 2368 638 2424 occurrit,
690 2368 860 2414 obtecti
897 2367 1018 2413 intus
1056 2370 1266 2413 truncum
1302 2367 1508 2414 striatum
1547 2367 1816 2424 ostendunt,
1867 2368 1945 2428 qui
1987 2368 2033 2415 in

257 2460 504 2519 segmentis
542 2460 812 2507 transversis
848 2461 1067 2506 fibrarum
1108 2460 1257 2518 ipsum
1303 2460 1674 2507 constituentium
1717 2463 2031 2519 persectorum

255 2552 529 2600 lineamenta
566 2552 765 2599 rotunda
813 2554 961 2598 offert.
1037 2551 1123 2609 Qui
1171 2555 1361 2599 truncus
1407 2566 1547 2612 quum
1592 2553 1726 2600 acido
1766 2554 1942 2601 acetico
1988 2558 2032 2602 et

257 2645 472 2693 solutmni
498 2645 602 2691 Kali
634 2644 832 2699 resistat,
861 2657 1096 2704 quumque
1129 2645 1275 2691 fibrae
1310 2645 1466 2705 aliqua
1491 2645 1729 2692 latitudine
1755 2646 1856 2703 sint,
1891 2646 2032 2693 statui

257 2750 396 2798 posse
417 2736 616 2793 videtur,
640 2737 781 2783 fibras
811 2737 1024 2784 elasticas
1052 2749 1179 2796 esse3
1217 2737 1335 2784 inter
1361 2750 1440 2784 eas
1467 2738 1635 2785 multae
1662 2738 1806 2785 fibrae
1835 2751 2031 2786 nerveae

259 2832 617 2888 cognoscuntur.
718 2829 919 2876 Eandem
973 2830 1091 2876 hanc
1148 2832 1425 2877 structuram
1479 2830 1726 2890 papillares
1778 2830 2029 2877 ciri-horum

258 2921 538 2981 appendices
574 2921 810 2980 praebent,
849 2934 934 2969 nec
960 2935 1050 2969 non
1087 2926 1191 2970 octo
1217 2923 1361 2970 lobuli
1393 2923 1619 2970 labiorum
1646 2924 1841 2980 carnosi,
1879 2937 2033 2971 verru-

261 3014 371 3070 cosi,
403 3014 448 3060 in
485 3015 688 3073 margine
722 3027 806 3061 suo
842 3015 1072 3072 fimbriati,
1113 3028 1307 3075 quorum
1337 3015 1429 3062 duo
1466 3015 1510 3062 in
1545 3015 1725 3073 angulis
1761 3015 1865 3071 oriS,
1904 3018 2032 3075 quat-

261 3107 365 3152 tuor
400 3106 445 3152 in
481 3106 603 3153 labio
642 3107 897 3166 superiore,
947 3107 1054 3164 duo,
1101 3108 1227 3167 iique
1263 3107 1467 3163 maximi,
1518 3107 1565 3154 in
1600 3107 1789 3154 internis
1825 3107 1933 3153 labii
1968 3107 2031 3153 in-

261 3197 460 3255 ferioriS,
497 3201 630 3257 parte
666 3199 817 3247 media
855 3200 1001 3257 divisi,
1040 3199 1207 3247 finibus
1243 3200 1383 3259 positi
1421 3202 1539 3247 sunt.

398 3290 464 3336 De
507 3290 814 3349 epidermide,
870 3305 1020 3352 pauca
1053 3296 1178 3351 sunt,
1224 3306 1344 3354 quae
1387 3296 1591 3341 afferam.
1674 3292 1722 3339 In
1765 3291 1892 3351 pisce
1932 3290 2030 3350 Jam
