2293 3796
1121 205 1171 246 16

267 366 481 413 squamas
527 353 659 400 etiam
703 353 791 399 alia
839 354 1063 411 quaedam
1112 354 1240 412 signa
1287 354 1540 401 communia
1574 354 1620 401 in
1661 355 1930 403 formatione
1966 355 2030 402 in-

266 447 394 491 terna
441 444 594 503 posita
639 457 725 503 pro
764 445 1041 502 gravissimis
1080 446 1415 493 Ganoideorum
1465 447 1584 493 notis
1636 448 1848 494 habenda
1903 460 2030 505 esse,

266 547 500 594 quumque
545 534 661 580 haec
706 535 1109 594 Scaphirhynchus
1165 548 1352 596 quoque
1406 536 1491 582 sibi
1546 538 1766 595 vindicet,
1821 539 1862 585 ei
1915 539 2033 585 inter

267 625 524 673 Ganoideos
537 623 645 683 jure
664 638 719 671 ac
748 626 908 672 merito
946 627 1205 685 assignatus
1245 631 1314 675 est
1348 628 1495 675 locuS.
1551 628 1669 675 Hinc
1699 632 1849 675 autem
1885 629 2035 689 sequi-

268 719 355 773 tur,
393 719 567 775 partem
587 716 934 774 adamantinam,
975 719 1145 777 quippe
1168 732 1286 778 quae
1311 720 1356 766 in
1383 719 1669 779 quorundam
1697 720 2034 767 Ganoideorum

268 807 468 866 squamis
504 807 811 864 desideretur,
867 811 1020 855 notam
1056 822 1347 868 squamarum
1391 810 1553 856 horum
1596 809 1790 868 piscium
1826 823 2036 858 necessa-

266 899 378 946 riam
414 912 504 946 non
530 911 648 948 esse.
710 901 752 948 A
780 903 909 959 parte
946 900 1235 947 adamantina
1272 901 1309 947 si
1347 901 1651 958 discedamus,
1692 904 1895 948 ceterum
1931 903 2036 949 Sca-

266 990 537 1049 phirhynchi
563 1005 780 1050 squamae
818 995 911 1039 tum
935 995 1082 1040 forma
1107 992 1410 1040 rhomboidali
1444 996 1538 1039 tum
1565 1004 1636 1049 eo,
1676 993 1801 1052 quod
1826 992 2034 1039 seriebus

267 1082 466 1142 obliquis
503 1083 754 1143 dispositae
791 1087 919 1141 sunt,
959 1097 1152 1145 quarum
1187 1087 1336 1131 tamen
1371 1084 1570 1131 membra
1607 1083 1788 1141 singula
1818 1084 1935 1130 inter
1970 1091 2036 1130 se⁴

264 1184 356 1219 non
390 1173 733 1233 conjunguntur
751 1176 1064 1235 processibus,
1103 1189 1221 1236 quos
1259 1178 1437 1232 vocant,
1474 1175 1825 1233 glenoidalibus,
1862 1175 2038 1223 etiamsi

265 1264 442 1311 caudae
466 1278 686 1325 squamae
713 1267 994 1323 marginibus
1020 1267 1137 1314 inter
1157 1280 1206 1314 se
1247 1269 1423 1325 tegunt,
1463 1266 1797 1314 Ganoideorum
1835 1266 2072 1326 squamis}

263 1356 555 1414 respondent.
642 1357 776 1414 Quod
808 1359 867 1404 ad
900 1359 1018 1405 hanc
1053 1371 1342 1418 squamarum
1378 1358 1421 1404 in
1460 1358 1602 1405 series
1639 1358 1851 1417 obliquas
1886 1357 2039 1416 dispo-

264 1447 469 1495 sitionem
504 1448 690 1506 attinet,
751 1463 885 1509 quam
924 1452 962 1497 J.
1000 1451 1238 1498 Mueller
1263 1448 1301 1513 1)
1340 1452 1384 1496 et
1425 1449 1669 1508 Agassiz
1702 1448 2038 1496 Ganoideorum

263 1539 541 1597 peculiarem
577 1553 679 1588 esse
716 1541 1010 1598 contendunt,
1048 1542 1207 1589 eadem
1239 1542 1284 1588 in
1322 1540 1571 1588 Teleosteis
1604 1553 1791 1600 quoque
1825 1541 2037 1587 observa-

263 1632 369 1689 tur3
407 1634 564 1678 contra
598 1645 652 1679 ea
685 1635 837 1679 autem
870 1632 1053 1680 illorum
1085 1645 1303 1692 squamae
1337 1645 1391 1679 eo
1425 1632 1662 1688 differunt,
1701 1631 1827 1691 quod
1862 1631 2035 1691 ubique

266 1735 368 1768 cum
398 1723 523 1770 corio
550 1723 821 1787 conjunctae
857 1728 976 1781 sunt,
1014 1725 1119 1771 dum
1154 1725 1495 1772 Teleosteorum
1531 1736 1749 1784 squamae
1785 1726 1957 1771 tantum
1992 1724 2039 1770 in

261 1816 396 1874 parte
426 1816 605 1875 postica
637 1830 739 1863 cum
773 1829 857 1863 sua
894 1816 1059 1875 vagina
1097 1817 1358 1864 cohaerent.

843 2118 909 2183 ll.
1009 2121 1088 2184 Do
1137 2120 1421 2184 musculis

396 2226 636 2329 Quamvis
670 2273 779 2320 huic
804 2277 1183 2334 commentationi,
1219 2278 1286 2325 uti
1314 2278 1358 2323 in
1386 2276 1674 2336 praelatione
1693 2274 1790 2334 jam
1816 2274 2028 2331 diximus,

259 2376 350 2411 non
396 2364 435 2410 is
493 2365 759 2424 propositus
815 2366 874 2412 sit
921 2368 1046 2424 finis,
1100 2373 1151 2414 ut
1187 2369 1386 2415 sceletus
1421 2367 1655 2427 speciatim
1689 2366 2026 2424 consideretur,

260 2458 408 2502 tamen
444 2457 755 2503 necessarium
790 2470 893 2504 esse
924 2459 1147 2516 existimo,
1184 2460 1241 2507 de
1275 2460 1432 2507 sceleti
1467 2459 1675 2519 partibus
1711 2460 1800 2506 hoc
1833 2459 1936 2506 loco
1972 2470 2027 2505 ea

257 2547 509 2606 praemitti,
552 2560 672 2607 quae
706 2547 767 2594 ad
796 2549 1108 2596 musculorum
1149 2550 1469 2598 distributione
1505 2554 1644 2611 atque
1683 2549 2026 2609 dispositionem

257 2632 599 2697 intelligendam
643 2643 967 2700 exposcantur.
1040 2641 1174 2699 Quod
1217 2642 1278 2689 ad
1320 2643 1523 2689 cranium
1567 2645 1768 2700 spectat,
1824 2642 1945 2687 hunc
1985 2640 2029 2686 in

256 2732 392 2778 finem
426 2730 623 2790 partium
659 2731 719 2777 ad
756 2732 975 2779 sceletum
1008 2733 1275 2782 visceralem
1309 2748 1449 2781 sensu
1479 2734 1698 2781 latissimo
1733 2732 1902 2779 dictum
1928 2744 2027 2790 per-

255 2822 491 2869 tinentium
517 2822 763 2883 descriptio
790 2825 1069 2883 proferenda
1101 2826 1296 2884 videtur,
1335 2827 1549 2886 quoniam
1582 2826 1709 2872 solae
1744 2825 1833 2871 hae
1869 2826 2024 2883 partes

252 2927 376 2961 nexu
412 2915 609 2962 arctiore
643 2928 747 2962 cum
783 2917 1001 2966 musculis
1038 2919 1339 2966 continentur.
1414 2918 1514 2975 Qua
1550 2918 1596 2964 in
1627 2929 1676 2964 re
1700 2915 1797 2974 jam
1830 2915 1888 2961 ab
1920 2914 2024 2974 ipso

254 3005 381 3053 initio
418 3006 745 3054 admoneamus
780 3010 973 3067 oportet,
1011 3021 1218 3068 magnam
1247 3010 1365 3057 inter
1389 3009 1744 3069 Accipenserem
1770 3009 1814 3055 et
1841 3005 2027 3066 Scaphi-

257 3097 511 3157 rhynchum
547 3098 884 3148 similitudinem
917 3101 1133 3161 cognosci
1169 3114 1322 3162 posse.

394 3302 435 3348 2)
482 3302 508 3338 1.
536 3314 565 3340 c.
592 3314 676 3350 pag.
703 3306 781 3341 118.
