2293 3796
1157 159 1210 200 39

304 313 483 362 eundae
505 310 700 358 arteriae
721 309 1091 369 proficiscuntur.
1148 309 1289 357 Simul
1315 311 1455 369 atque
1480 307 1540 355 ad
1565 307 1846 366 superiorem
1873 308 2068 368 copulae

302 407 436 452 finem
472 401 691 461 pervenit,
731 402 920 447 truncus
954 401 998 447 in
1037 401 1153 447 duas
1190 400 1438 446 branchiae
1476 400 1650 458 primae
1684 399 1875 446 arterias
1913 399 2070 446 dividi-

302 499 388 551 tur,
428 506 621 553 quarum
657 495 853 551 utraque
885 491 1080 538 musculi
1126 491 1261 538 modo
1300 491 1409 537 dicti
1459 491 1752 537 insertionem
1789 490 2067 550 amplectens

301 587 347 632 in
380 584 536 631 lateris
574 583 896 642 respondentis
945 583 1209 629 branchiam
1253 582 1403 628 intrat.
1490 582 1538 628 In
1582 582 1671 629 hoc
1718 583 1809 629 fine
1852 582 2069 630 anteriori

301 681 490 724 truncus
534 676 787 723 arteriosus
836 675 1050 722 deorsum
1086 688 1246 722 versus
1283 674 1440 721 lobulo
1479 687 1672 721 carnoso
1700 674 1943 721 rotundato
1968 687 2070 734 par-

300 781 450 829 voque
489 768 735 827 obtegitur,
774 767 867 826 qui,
905 767 950 812 in
988 766 1298 824 Accipensere
1330 765 1504 823 pariter
1529 765 1705 819 obvius,
1753 765 1908 825 judice
1946 766 2070 826 Ley-

304 860 395 919 dig
419 858 471 920 1),
510 873 595 919 pro
634 858 854 918 glandula
889 858 1160 918 thyreoidea
1197 857 1440 904 habendus
1478 859 1560 913 est,

436 1053 473 1095 1)
520 1053 631 1087 Anal.
659 1052 871 1097 physiolog.
899 1050 1235 1095 Untersuchungen
1268 1050 1360 1084 iiber
1392 1049 1523 1084 Fisehe
1555 1049 1633 1083 und
1663 1049 1863 1095 Reptilien.
1926 1049 2069 1092 Berlin,

303 1110 403 1155 1853,
430 1121 513 1155 pag.
540 1110 596 1155 25,
626 1109 650 1153 S
675 1110 730 1145 30.

906 1462 1457 1526 OElheses.

304 1603 351 1652 1.
424 1603 545 1650 Pars
580 1601 905 1662 ⁷adamantina,
955 1619 1083 1666 quam
1116 1607 1372 1662 nominant,
1412 1618 1502 1650 non
1547 1608 1623 1650 est
1664 1608 1771 1650 nota
1805 1603 2072 1651 essentialis

575 1709 864 1756 squamarum
899 1695 1258 1743 Ganoideorum.

303 1808 348 1858 2.
427 1810 624 1858 Exstant
657 1814 849 1873 vaginae
882 1810 1110 1869 fibrarum,
1143 1810 1278 1858 telam
1319 1811 1653 1875 conjunctivam
1692 1814 2072 1874 componentium.

303 1926 349 1974 3.
423 1926 683 1973 Processui
738 1925 1004 1988 syphilitico
1050 1926 1171 1973 telae
1217 1929 1422 1973 recentis
1463 1927 1706 1989 productio
1756 1941 1902 1990 aeque
1939 1942 2074 1990 pecu-

581 2018 704 2064 liaris
738 2025 825 2075 est,
861 2033 914 2064 ac
949 2017 1168 2064 normalis
1208 2018 1480 2066 destructio.

302 2135 350 2182 ci.
422 2133 528 2180 Non
566 2140 714 2181 exstat
748 2140 856 2180 nota
892 2134 1259 2181 inflammationis
1293 2132 1575 2181 essentialis.

304 2246 350 2295 5.
427 2248 594 2295 Cordis
629 2248 960 2311 hyper-trophia
995 2251 1291 2296 concentrica
1328 2263 1420 2295 non
1455 2255 1622 2296 exstat.

301 2361 347 2413 6.
419 2364 709 2412 Valvularum
761 2365 1100 2412 semilunarium
1159 2365 1313 2412 cordis
1353 2367 1668 2411 excrescentia
1708 2365 1761 2411 ad
1797 2378 2071 2427 processum

570 2457 853 2505 formationis
889 2464 1187 2506 ateromatum
1223 2460 1267 2504 in
1312 2471 1527 2504 vasorum
1567 2459 1717 2505 tunica
1762 2459 1914 2504 intima
1955 2456 2072 2504 refe-

577 2551 717 2596 renda
753 2557 875 2597 sunt.
