2293 3796
1149 186 1198 227 17

403 337 612 384 Arcuum
640 336 930 383 visceralium
954 339 1152 396 systema
1182 337 1228 383 in
1262 337 1624 398 Scaphirhynchi
1661 339 1830 396 cranio,
1863 341 2036 400 pariter

266 430 406 487 atque
439 428 487 474 in
517 428 866 487 Accipenseris,
928 429 966 474 si
998 441 1024 474 a
1061 431 1192 487 parte
1226 428 1442 476 inferiore
1483 444 1663 477 sursum
1694 433 2033 491 progrediaris,

264 519 322 564 ab
356 519 539 566 ossibus
575 519 854 578 pharyngeis
885 519 1180 566 inferioribus
1217 519 1393 566 initium
1430 522 1573 580 capit,
1621 536 1740 582 quae
1771 523 1818 570 in
1854 525 2035 572 animali

263 610 420 657 adulto
454 611 590 658 nullis
620 611 854 657 branchiis
891 611 1114 657 instructa
1148 615 1267 668 sunt,
1300 615 1503 660 ceterum
1537 618 1687 662 tamen
1714 617 2035 664 convenienter

259 701 320 747 ad
356 701 676 749 branchiarum
708 715 846 749 arcus
875 702 973 762 jam
1006 706 1267 763 sequenteS,
1302 705 1382 764 qui
1417 706 1647 766 utrimque
1685 711 1904 768 quattuor
1928 713 2035 757 sunt

257 806 461 851 numere,
501 797 765 842 constructa
798 797 937 853 atque
968 796 1113 841 affixa
1151 799 1412 845 cernuntur.
1476 798 1638 846 Omnes
1665 812 1801 847 arcus
1828 801 2033 861 quinque

257 899 438 933 sursum
472 899 634 934 versus
671 886 731 932 ad
768 886 911 932 cranii
943 887 1076 933 basin
1111 888 1508 936 articulationibus
1541 892 1674 938 affixi
1705 896 1835 949 sunt,
1891 896 2031 953 atque

252 977 386 1035 infra,
426 978 599 1038 pariter
634 978 848 1034 mobileS,
884 978 1078 1037 copulae
1113 980 1338 1026 communi
1377 994 1426 1027 se
1463 981 1735 1041 adjungunt,
1776 997 1896 1044 quae
1931 987 2032 1032 fau-

253 1069 373 1117 cium
416 1070 611 1116 sundum
654 1070 948 1129 fulcrumque
995 1071 1246 1118 constituit.
1305 1074 1405 1120 Duo
1439 1085 1574 1121 arcus
1601 1075 1849 1123 viscerales
1879 1076 2026 1136 primi,

249 1174 412 1221 nempe
445 1163 563 1209 ossis
599 1161 787 1221 hyoidei
824 1164 868 1208 et
906 1162 1192 1210 maxillarum
1228 1164 1517 1222 inferiorum,
1573 1168 1869 1227 suspensorio
1911 1181 2030 1216 com-

247 1253 394 1310 muni,
445 1266 470 1300 e
504 1254 686 1301 duabus
733 1254 945 1314 partibus
978 1256 1252 1314 composito,
1306 1269 1408 1303 cum
1446 1258 1601 1305 cranio
1635 1262 1741 1307 sunt
1773 1259 2021 1319 conjuncti.

247 1347 471 1405 Suprema
502 1346 643 1406 hujus
677 1348 962 1406 suspensor-ii
995 1361 1127 1407 parS,
1173 1361 1315 1408 quae,
1355 1353 1545 1397 auctore
1579 1351 1791 1409 Stannio,
1837 1364 1888 1399 os
1920 1355 2028 1400 tem·

246 1438 406 1498 porale
448 1441 542 1495 est,
595 1453 776 1487 sursum
810 1453 911 1486 cum
950 1453 1056 1487 osse
1090 1441 1275 1487 frontali
1308 1442 1591 1500 posteriore,
1649 1443 1774 1502 quod
1810 1447 2023 1502 vocatur,

248 1530 568 1578 articulatione
582 1531 747 1590 juncta
772 1535 856 1589 est,
886 1532 1099 1580 deorsum
1124 1546 1233 1580 vero
1258 1547 1410 1580 massa
1434 1534 1736 1593 ligamentosa
1755 1548 1857 1582 cum
1881 1536 2025 1595 partis

248 1623 481 1671 secundae
517 1625 609 1671 fine
645 1625 885 1685 superiore
918 1625 1176 1685 posteriore
1210 1626 1347 1685 (osse
1383 1625 1722 1685 symplectico),
1779 1625 1913 1686 cujus
1946 1627 2026 1673 fini

247 1715 464 1763 anteriori
519 1716 808 1763 maxillarum
857 1719 1108 1776 apparatus
1160 1718 1328 1764 affixus
1372 1720 1464 1773 est,
1521 1718 1739 1764 cohaeret
1764 1716 1810 1778 ¹).
1873 1719 2024 1766 Arcus

245 1807 472 1866 hyoideus
504 1808 735 1868 utrimque
766 1809 976 1868 partibus
1015 1809 1174 1866 tribuS,
1211 1821 1331 1869 quae
1368 1809 1641 1869 ligamentiS,
1675 1810 1739 1858 ita
1772 1813 1824 1858 ut
1853 1810 2026 1858 moveri

248 1902 431 1959 queant,
470 1899 745 1959 conjunctae
784 1903 915 1957 sunt,
953 1901 1184 1959 consistit,
1220 1914 1383 1962 nempe
1421 1902 1689 1961 cartilagine
1724 1915 1888 1962 parva,
1926 1905 2025 1950 fere

247 1991 495 2051 quadrata,
550 2006 670 2053 quae
706 1994 829 2041 hunc
867 2007 1022 2041 arcum
1057 2008 1159 2041 cum
1195 1996 1422 2043 communi
1465 2009 1656 2042 arcuum
1694 1996 2023 2043 branchialium

246 2083 415 2142 copula
443 2083 613 2143 jungit,
653 2097 848 2144 corpore
886 2086 1003 2133 ossis
1039 2086 1226 2145 hyoidei
1250 2100 1431 2146 magno,
1466 2088 1601 2146 plane
1629 2087 1934 2147 cylindraceO,
1969 2100 2024 2134 ac

248 2174 446 2236 denique
485 2176 765 2235 cartilaginis
810 2178 1018 2239 frustuloj
1049 2179 1193 2226 altero
1231 2193 1381 2240 aeque
1413 2193 1571 2239 parvo,
1612 2180 1739 2240 quod
1775 2193 1878 2227 cum
1905 2179 2022 2227 ossis

245 2267 528 2327 symplectici
552 2269 644 2316 fine
670 2269 929 2328 posteriore
953 2270 1171 2317 inferiore
1198 2271 1430 2319 cohaeret.
1477 2273 1692 2319 Rostrum
1714 2272 2020 2330 deplanatum,

238 2360 371 2418 palae
406 2363 599 2408 formam
634 2363 856 2418 reserenS,
893 2362 1012 2408 infra
1045 2362 1224 2410 omnino
1257 2363 1458 2422 planum,
1491 2364 1537 2410 in
1573 2366 1705 2423 parte
1735 2364 1885 2411 media
1916 2377 2020 2424 pro-

238 2452 454 2501 minentia
492 2466 627 2501 ossea
668 2467 758 2501 non
795 2455 859 2501 ita
890 2468 1079 2514 magna,
1132 2456 1314 2503 circiter
1362 2456 1576 2516 pollicem
1614 2456 1848 2503 dimidium
1898 2456 2015 2513 lata,

238 2557 401 2605 nempe
437 2558 635 2603 vomere,
669 2546 922 2593 secundum
954 2547 1286 2605 longitudinem
1319 2547 1513 2595 divisum
1539 2550 1622 2595 est.
1679 2548 1813 2605 Quod
1838 2551 2018 2608 septum

237 2640 413 2698 partem
447 2638 752 2698 posteriorem
777 2652 939 2686 versus
970 2639 1016 2685 in
1054 2639 1155 2686 basi
1195 2640 1337 2687 cranii
1374 2640 1683 2687 continuatam
1717 2653 1768 2687 os
1805 2640 2018 2700 sphenoi-

239 2729 375 2779 deum
409 2731 610 2779 basilare
653 2734 834 2779 format.
902 2732 1023 2780 Ante
1060 2745 1133 2789 OS,
1184 2732 1310 2793 quod
1346 2732 1557 2792 protrudi
1593 2735 1766 2792 potest,
1820 2736 2018 2780 rostrum

239 2824 501 2871 excisuram
535 2824 855 2871 semilunarem
890 2826 1071 2881 format,
1106 2837 1227 2884 quae
1262 2824 1322 2871 ad
1357 2828 1535 2884 partem
1571 2827 1806 2872 externam
1840 2825 1884 2872 in
1916 2838 2017 2884 pro-

239 2926 421 2963 cessum
454 2919 641 2964 acutum
675 2929 794 2963 unco
824 2916 1013 2963 similem
1042 2916 1260 2964 excurrit.
1313 2917 1435 2963 Inter
1461 2917 1580 2963 hanc
1608 2915 1866 2964 excisuram
1888 2917 2017 2965 arcui

238 3007 429 3057 similem
465 3012 511 3057 et
543 3008 758 3057 maxillae
796 3008 1049 3069 superioris
1097 3011 1368 3070 apparatum
1407 3009 1664 3070 utrimque,
1721 3022 1824 3057 cum
1860 3009 2015 3069 priore

374 3192 412 3238 1)
461 3191 516 3228 Of.
545 3190 754 3228 Handbuch
781 3191 846 3227 der
872 3190 1064 3227 Zootomie
1089 3202 1162 3227 von
1188 3202 1220 3227 v.
1252 3189 1451 3227 Siebold
1483 3191 1561 3227 und
1586 3191 1823 3229 Stannius.
1865 3190 1954 3230 Thl.
1979 3190 2012 3229 2.

237 3260 321 3295 pag.
350 3250 392 3284 51
415 3254 449 3285 et
473 3251 517 3285 52
541 3255 576 3286 et
600 3251 684 3287 Joh.
712 3252 747 3286 M
757 3251 911 3285 iiller:
941 3249 995 3285 Cf.
1023 3250 1134 3285 Anat.
1156 3249 1221 3284 der
1235 3250 1490 3294 Myxinoiden.
1532 3251 1616 3287 Thl.
1636 3251 1664 3286 I.
1706 3251 2015 3298 Abhandlungen

238 3307 306 3342 der
329 3307 481 3353 Konigl.
508 3308 624 3345 Acad.
653 3309 688 3345 d.
716 3308 947 3345 Wissensch.
974 3319 1020 3345 zu
1043 3307 1174 3344 Berlin
1199 3319 1264 3344 aus
1289 3307 1374 3345 dem
1397 3308 1431 3344 ὖ.
1458 3308 1559 3345 1834.
1607 3308 1737 3344 Berlin
1761 3309 1862 3346 1836.
