2293 3796
1105 202 1156 243 37

262 354 441 401 venisse
476 354 644 409 narrat,
683 355 728 400 at
763 352 1002 409 interdum,
1040 353 1108 400 uti
1143 353 1188 398 in
1225 351 1601 410 Scaphirhyncho
1638 351 1826 408 femina,
1865 354 2026 410 aperta

262 444 398 500 vidit,
451 442 573 489 unde
613 443 864 500 concludit,
918 443 1210 489 infundibula
1246 442 1550 488 abdominalia
1595 442 1696 488 aliis
1744 443 2025 501 temporibus

260 537 434 594 patere,
473 534 572 580 aliis
599 534 756 581 clausa
780 547 976 582 manere.
1020 535 1178 593 Hyrtl
1215 547 1269 580 ea
1302 534 1421 580 omni
1457 533 1561 580 anni
1592 537 1796 593 tempore
1826 534 1869 580 in
1895 534 2028 581 Acci-

259 637 453 684 pensere
497 628 656 685 aperta
691 626 874 673 invenit.
942 626 991 672 In
1034 625 1179 683 plicas
1219 625 1525 683 peritoneales
1560 624 1696 684 adipe
1741 625 2027 672 abundantes

259 716 470 776 latasque
506 717 732 764 inclusum
774 717 819 763 in
859 719 1058 776 utroque
1094 717 1235 763 latere
1276 729 1498 774 organum
1542 717 1907 775 germinativum,
1953 730 2028 763 an-

261 810 447 865 gustum
485 808 734 868 coloreque
771 808 999 854 subrubro
1026 808 1227 864 tinctum,
1254 808 1419 867 reperi.
1479 808 1613 865 Quod
1638 809 1862 856 taeniolae
1886 810 2029 856 instar

261 901 318 946 ab
345 900 573 947 anteriore
611 900 711 947 cavi
748 899 983 946 visceralis
1031 900 1122 945 fine
1164 899 1289 945 initio
1339 901 1473 957 capto
1509 911 1660 958 usque
1694 902 1800 958 post
1833 901 2030 947 infundi-

260 992 370 1039 bula
403 995 655 1039 retrorsum
689 992 969 1051 pertinebat,
1007 991 1163 1051 ibique
1197 991 1241 1037 in
1279 993 1413 1038 finem
1455 991 1647 1037 liberum
1686 991 1813 1037 exire
1849 992 2030 1039 videba-

262 1087 349 1130 tur.
410 1083 636 1130 Animalia
672 1083 926 1143 perquisita
962 1083 1111 1129 utrius
1150 1095 1291 1129 sexus
1317 1084 1493 1137 essent,
1531 1081 1656 1128 haud
1683 1083 1877 1142 amplius
1903 1087 2028 1131 certo

263 1175 442 1222 definiri
477 1175 639 1234 potuit.
712 1174 1013 1234 Microscopio
1050 1174 1095 1220 in
1128 1187 1262 1220 usum
1299 1186 1544 1231 convers0,
1590 1174 1742 1220 nullae
1774 1176 1927 1221 certae
1962 1187 2031 1221 or-

260 1267 367 1324 gani
420 1266 521 1326 eJ‘us
574 1269 834 1313 structurae
891 1266 1093 1313 rationes
1148 1266 1369 1324 cognosci
1428 1268 1711 1325 potuerunt3
1767 1268 1924 1312 contra
1977 1278 2032 1313 ea

258 1371 424 1417 magna
459 1359 743 1418 guttularum
777 1359 927 1419 adipis
963 1358 1096 1418 copia
1132 1358 1178 1404 in
1217 1360 1516 1417 conspectum
1551 1358 1685 1405 venit.

990 1505 1061 1558 Ο.
1135 1504 1308 1560 Cor.

397 1635 760 1696 Scaphirhynchi
798 1648 889 1692 cor,
927 1635 1187 1694 pericardio
1215 1635 1426 1691 cinctum,
1464 1635 1583 1682 utin
1620 1635 1825 1694 piscibus
1852 1636 2030 1684 omnino

261 1728 400 1784 solet,
448 1729 648 1787 positum
696 1731 836 1788 atque
880 1728 924 1774 in
961 1731 1115 1786 partes
1153 1728 1310 1774 solitas
1349 1727 1542 1774 divisum
1578 1730 1661 1775 est.
1733 1728 1893 1775 Forma
1930 1729 2031 1788 ejus

259 1819 304 1865 in
352 1820 614 1867 universum
662 1820 822 1868 conica
877 1822 977 1878 est3
1033 1819 1156 1865 basis
1209 1819 1498 1865 dextrorsum
1536 1819 1682 1865 tribus
1718 1820 1820 1867 atrii
1857 1821 2031 1867 sinibus

262 1911 611 1969 irregularibUS,
638 1912 893 1971 parietibus
920 1911 1087 1957 teneris
1112 1910 1361 1967 instructiS,
1390 1910 1595 1958 lobulata
1623 1914 1829 1971 apparet.
1870 1912 2030 1960 Cordis

260 2015 382 2062 apex
412 2004 658 2062 ligamento
706 2004 912 2050 funiculo
951 2003 1081 2049 simili
1126 2003 1185 2049 ad
1229 2003 1474 2062 pericardii
1506 2005 1697 2051 fundum
1734 2006 1900 2052 affixus
1938 2019 2032 2053 cer-

259 2095 394 2142 nitur.
444 2096 733 2143 Ventriculus
771 2096 1022 2154 parietibus
1057 2095 1190 2142 valde
1219 2096 1492 2142 niusculosis
1530 2097 1767 2154 praeditus
1805 2101 1888 2154 est,
1922 2111 2032 2157 quo-

260 2201 360 2234 rum
385 2189 642 2235 crassitudo
670 2191 768 2235 sere
798 2188 1017 2234 diametro
1045 2190 1334 2234 transversae
1361 2188 1460 2234 cavi
1486 2188 1541 2234 iis
1574 2188 1738 2235 inclusi
1765 2190 2028 2248 respondet.

262 2280 431 2327 Cavum
469 2280 708 2327 ventriculi
741 2280 892 2327 cordis
929 2280 1094 2326 multas
1131 2280 1330 2326 ostendit
1366 2280 1625 2327 trabeculas
1663 2293 1867 2328 carneas.
1925 2282 2031 2329 Cor-

258 2371 328 2418 dis
365 2372 531 2419 atrium
563 2373 609 2419 in
647 2374 880 2419 coarctato
917 2371 1105 2418 introitu
1140 2371 1184 2417 in
1233 2371 1533 2418 ventriculum
1584 2373 1753 2419 nullam
1806 2373 2028 2421 valvulam

259 2465 477 2523 praebet,
535 2465 592 2511 ab
631 2478 779 2525 eoque
823 2467 915 2511 tres
958 2464 1084 2510 sinus
1120 2464 1418 2521 irregulares,
1472 2464 1727 2523 parietibus
1764 2466 1930 2512 teneris
1966 2466 2030 2514 in-

260 2557 436 2613 structi,
471 2560 654 2604 exeunt,
709 2557 915 2604 Truncus
943 2556 1194 2603 arteriosus
1230 2569 1254 2603 e
1287 2557 1438 2604 cordis
1465 2558 1715 2605 ventriculo
1742 2558 2027 2606 adscendens

258 2648 385 2695 initio
431 2661 515 2695 suo
571 2649 762 2695 bulbum
814 2649 1085 2695 arteriosum
1133 2649 1352 2695 musculis
1399 2649 1688 2697 transversim
1733 2651 1901 2698 striatis
1947 2651 2030 2698 cir-

259 2740 523 2788 cumdatum
579 2753 681 2787 cuin
734 2742 952 2799 quattuor
1002 2740 1283 2787 valvularum
1338 2741 1545 2789 seriebus
1599 2743 1742 2790 altera
1786 2744 1916 2791 alteri
1955 2758 2028 2791 su-

259 2833 568 2892 perimpositis
607 2832 818 2879 ostendit.
891 2831 1092 2888 Quarum
1129 2833 1349 2879 seriorum
1385 2847 1622 2894 suprema,
1669 2835 1862 2894 margini
1896 2848 2030 2895 supe-

260 2924 372 2971 riori
407 2924 536 2972 strati
571 2924 822 2971 musculosi
859 2925 1018 2981 affixa,
1057 2925 1262 2972 valvulas
1298 2927 1532 2984 maximaS,
1570 2940 1758 2975 numero
1796 2931 2026 2987 quattuor,

260 3015 508 3064 intervallis
544 3029 634 3064 non
671 3017 849 3064 omnino
887 3017 1077 3075 paribus
1113 3017 1355 3075 distanteS,
1409 3019 1623 3066 continet.
1697 3020 1849 3068 Series
1885 3021 2029 3068 altera

261 3108 466 3156 valvulas
501 3109 731 3167 minimaS,
771 3109 975 3170 quinque
1010 3123 1220 3168 numero,
1271 3114 1316 3158 et
1350 3111 1476 3170 ipsas
1507 3125 1596 3159 non
1632 3112 1874 3171 regulatim
1909 3111 2031 3171 posi-

262 3203 356 3258 taS,
390 3202 612 3259 continet,
659 3214 779 3261 quae
815 3215 937 3249 nunc
970 3201 1090 3249 infra
1122 3202 1258 3249 seriei
1301 3215 1542 3262 supremae
1583 3204 1805 3251 valvulam
1847 3203 2029 3264 positae

261 3307 384 3342 nunc
434 3294 554 3342 infra
598 3294 887 3344 interstitium
948 3294 1141 3344 duarum
1190 3295 1472 3346 valvularum
1523 3296 1810 3356 superiorum
1861 3297 2029 3345 affixae
