2293 3796
1137 155 1190 197 23

284 308 566 368 suspensorii
589 307 819 353 inseritur.
888 306 1139 362 MuscnlUS,
1177 306 1344 365 prioris
1370 305 1673 363 antagonista,
1712 319 1815 354 enm
1841 309 2054 356 effectum

283 400 484 454 exhibet,
532 400 582 444 nt
628 397 975 456 suspensorium
1019 410 1168 457 eoque
1214 411 1265 444 os
1301 400 1565 456 porrectum
1600 400 1851 445 retrorsum
1888 401 2050 447 trahat.

282 493 380 538 Duo
426 489 621 536 musculi
673 489 808 535 modo
859 488 1077 547 descripti
1127 489 1165 535 si
1218 502 1309 536 uno
1356 489 1610 549 eodemque
1655 492 1858 549 tempore
1895 494 2052 549 agunt,

282 581 625 640 suspensorium
664 581 806 627 cranii
842 581 1006 627 fornici
1039 581 1322 640 apprimitur.

416 670 460 720 4.
524 674 623 718 Mm.
647 671 923 718 abductores
944 685 1133 719 arcuum
1153 673 1483 719 branchialium
1503 674 1767 733 superiores
1789 672 1908 736 (Fig.
1932 672 1977 732 2,
2000 675 2054 737 d)

280 764 445 823 singuli
481 765 541 811 ad
578 764 783 821 singulos
832 776 966 809 arcus
1010 764 1299 811 branchiales
1343 766 1584 823 pertinent.
1655 765 1832 812 Initium
1870 766 2057 825 capiunt

279 868 305 901 a
334 855 475 901 cranii
498 856 596 901 basi
609 855 747 914 juxta
778 867 967 901 arcuum
997 856 1201 914 ipsorum
1229 856 1604 913 articulationem‚
1643 859 1689 903 et
1714 857 1897 916 quidem
1922 858 2055 916 primi

279 960 415 993 arcus
450 948 728 994 branchialis
762 961 818 993 m.
855 948 1085 995 abductor
1122 960 1200 1004 ρο,
1239 960 1373 1006 quem
1410 948 1543 994 modo
1583 948 1923 1007 descripsimus
1961 959 2055 998 mu·
2130 1001 2147 1019 ο

278 1039 406 1085 sculo
434 1051 491 1085 ex
518 1042 648 1098 parte
686 1043 850 1096 ἴρεως,
891 1043 1030 1099 atque
1057 1039 1311 1086 secundum
1336 1038 1585 1096 marginem
1613 1041 1851 1086 externum
1879 1040 2054 1087 trientis

278 1130 477 1188 supremi
513 1143 703 1176 arcuum
735 1131 1066 1177 branchialium
1104 1130 1381 1176 inseruntur.
1454 1130 1511 1176 Hi
1548 1131 1745 1176 musculi
1783 1131 1915 1178 simul
1953 1145 2055 1180 cum

279 1221 611 1268 abductoribus
648 1222 944 1270 inferioribus
982 1235 1117 1269 arcus
1155 1222 1444 1268 branchiales
1492 1222 1551 1268 ad
1588 1223 1820 1270 exteriora
1855 1225 2053 1272 trahunt.

838 1346 898 1413 3)
973 1346 1234 1401 Oculorum
1273 1346 1500 1400 musculi.

417 1465 472 1511 Ut
507 1465 704 1511 musculi
747 1464 935 1510 bulbum
982 1464 1103 1510 oculi
1140 1466 1372 1511 moventes
1420 1464 1507 1509 snb
1557 1462 1829 1522 adspectum
1877 1464 2055 1521 cadant,

280 1557 473 1603 orbitam
510 1570 537 1602 a
568 1559 698 1615 parte
729 1556 925 1614 postica,
965 1556 1022 1602 ab
1051 1559 1241 1602 arcuata
1277 1555 1413 1601 rostri
1452 1555 1666 1601 excisura
1702 1568 1913 1612 exol·SUS‚
1954 1568 2060 1614 ape-

280 1648 393 1704 rias,
434 1660 608 1707 oreque
644 1650 894 1694 retrorsum
929 1649 1097 1702 tracto,
1136 1647 1306 1704 largam
1345 1645 1479 1692 telam
1518 1646 1784 1692 cellulosam
1821 1647 2060 1705 adiposam

280 1752 430 1799 nsque
464 1739 523 1785 ad
558 1739 689 1785 basin
726 1739 868 1785 cranii
914 1741 959 1784 et
995 1738 1054 1783 ad
1096 1738 1357 1796 prominens
1396 1750 1446 1784 os
1493 1738 1825 1796 sphenoideum
1860 1738 2059 1785 basilare

280 1844 517 1878 removeas
553 1833 746 1890 oportet.
819 1831 928 1877 Inde
967 1830 1171 1890 quinque
1207 1830 1327 1876 oculi
1360 1831 1609 1887 musculoS,
1649 1843 1811 1889 nempe
1841 1833 2061 1890 quattuor

280 1925 433 1970 rectos
470 1927 515 1968 et
552 1922 788 1981 obliquum
824 1921 1114 1977 inferiorem,
1164 1920 1331 1967 adesse
1367 1922 1561 1980 primum
1599 1935 1871 1981 cognoscas
1942 1922 2061 1980 Quo-

281 2029 381 2061 rum
414 2015 598 2061 ultimus
633 2014 690 2059 ab
724 2026 829 2060 osse
857 2012 1139 2072 sphenoideo
1176 2012 1361 2059 basilari
1386 2013 1587 2071 proxime
1614 2016 1819 2061 foramen
1846 2015 2059 2073 opticum,

281 2120 366 2166 per
403 2107 532 2166 quod
568 2118 734 2152 nervus
775 2106 955 2165 opticus
1005 2118 1058 2151 ex
1111 2106 1253 2152 cranii
1304 2119 1416 2152 cavo
1469 2106 1786 2164 progreditur,
1841 2107 2060 2165 originem

284 2198 430 2257 capit,
479 2200 699 2257 quattuor
734 2198 847 2244 recti
883 2198 940 2243 ab
979 2209 1083 2243 osse
1122 2196 1298 2252 eodem,
1338 2199 1535 2243 attamen
1570 2198 1747 2257 aliquot
1783 2198 1912 2244 lineis
1949 2198 2062 2245 inse-

285 2290 404 2346 rius,
454 2291 630 2336 initium
666 2291 819 2337 habet.
888 2290 1124 2337 Musculus
1162 2290 1377 2348 obliquus
1413 2289 1624 2348 superlor
1660 2301 1856 2347 superne
1894 2302 1952 2335 ex
1987 2303 2062 2336 an-

284 2382 454 2429 teriore
492 2385 623 2440 parte
658 2382 847 2441 parietis
897 2381 1059 2427 interni
1099 2381 1274 2427 orbitae
1312 2383 1501 2427 exortus
1540 2381 1768 2439 superiori
1804 2380 1934 2426 bulbi
1971 2393 2060 2427 am-

284 2474 398 2521 bitui
433 2474 661 2521 inseritur.
735 2473 954 2519 Trochlea
988 2472 1047 2518 ad
1084 2485 1185 2518 eum
1222 2473 1456 2531 pertinens
1488 2472 1678 2530 reperiri
1715 2472 1904 2532 nequiit.

416 2567 537 2625 Ergo
576 2566 983 2625 Scaphirhynchus
1021 2578 1105 2611 sex
1133 2565 1254 2612 oculi
1280 2565 1498 2611 musculis
1527 2564 1672 2610 solitis
1696 2564 1947 2611 instructus
1974 2567 2056 2611 est.

896 2690 999 2742 n.
1071 2688 1457 2748 dfflusculz',

481 2782 562 2848 qui
595 2783 656 2836 ad
693 2781 919 2848 corporis
955 2783 1184 2835 truncum
1223 2781 1537 2834 formandum
1576 2779 1855 2833 coluerunt.

428 2888 543 2933 Cute
581 2900 607 2933 a
646 2890 807 2933 trunco
846 2886 1070 2945 sejuncta,
1109 2888 1159 2932 ut
1185 2885 1324 2944 hujus
1350 2886 1662 2947 musculorum
1690 2884 2057 2932 distributionem

288 2982 429 3038 atque
466 2978 815 3038 dispositionem
853 2977 1027 3034 discaS,
1084 2977 1279 3024 omnium
1317 2977 1508 3036 primum
1547 2977 1733 3023 dorsum
1783 2979 1927 3023 strato
1963 2990 2058 3023 mu-

287 3070 458 3117 sculari
496 3073 590 3117 tum
625 3070 820 3117 maximo
859 3073 952 3117 tum
991 3071 1278 3116 crassissimo
1324 3069 1595 3116 instructum
1633 3081 1736 3115 esse
1770 3081 1953 3128 cernas3
2008 3069 2055 3115 in

285 3160 509 3208 lateribus
549 3161 651 3221 ejus
689 3161 947 3208 crassitudo
977 3161 1223 3208 admodum
1249 3161 1480 3208 deminuta
1507 3163 1589 3215 est,
1625 3163 1764 3220 atque
1791 3160 1850 3206 ad
1876 3162 2052 3219 partem

286 3253 548 3301 inferiorem
596 3257 733 3301 tenue
772 3261 964 3313 apparet
1001 3256 1217 3310 stratum,
1274 3251 1401 3313 quod
1450 3265 1592 3312 quum
1633 3251 1848 3300 deorsum
1893 3264 2053 3298 versus
