2293 3796
1126 174 1179 214 ⁶25

284 343 382 377 sum
419 340 526 375 vero
563 327 621 373 ad
659 326 853 373 caudam
888 338 1049 372 versus
1082 322 1228 379 magis
1264 321 1504 379 magisque
1537 319 1661 366 acuti
1699 319 1938 375 exsistunt,
1975 319 2037 366 ita

281 424 331 467 ut
365 419 561 477 denique
609 431 753 477 prope
793 417 974 476 pinnam
1009 415 1247 462 caudalem
1294 413 1502 471 singulae
1538 411 1675 458 unius
1713 411 1829 469 septi
1865 415 2034 469 partes,

280 522 399 571 quae
434 521 646 568 prorsum
683 508 863 565 angulis
901 507 1198 566 amplioribus
1236 504 1433 550 discerni
1469 505 1740 562 potuerant,
1789 501 1885 559 Jam
1938 504 2036 548 fere

279 613 432 648 omnes
467 600 714 659 parallelae
751 599 1005 646 videantur.
1080 598 1129 643 In
1166 597 1426 642 universum
1464 598 1593 653 septa
1631 594 1791 641 eodem
1816 592 1953 639 modo
1991 594 2036 639 in

278 696 410 752 parte
448 692 616 739 dorsali
652 706 708 738 m.
747 691 947 737 lateralis
986 703 1035 737 se
1069 690 1251 744 habent,
1291 700 1425 747 quam
1462 687 1506 732 in
1541 686 1641 746 ejus
1673 688 1803 744 parte
1831 686 2034 741 ventrali,

274 785 320 830 in
357 797 448 844 qua
494 787 642 830 tamen
680 794 914 841 nunquam
951 794 1086 827 arcus
1124 783 1405 835 formantur,
1463 779 1543 825 sed
1592 778 1747 836 anguli
1795 778 1940 824 solum
1977 777 2036 823 ad

273 879 413 934 caput
445 875 658 934 majores,
698 874 757 920 ad
795 873 988 919 caudam
1024 873 1221 918 minores
1258 873 1451 917 exstant.
1531 870 1752 916 Ulteriore
1801 871 2034 928 septorum

270 968 314 1013 in
353 966 587 1025 profundo
615 966 815 1012 decursu
842 978 896 1010 ac
922 964 1237 1023 dispositione,
1277 975 1395 1022 quae
1422 975 1541 1008 nunc
1573 961 1704 1008 nobis
1732 960 2035 1007 describenda

271 1062 398 1115 sunt,
456 1059 574 1105 duae
623 1060 779 1116 partes
826 1057 1019 1103 musculi
1063 1055 1262 1102 lateralis
1312 1054 1447 1100 etiam
1488 1053 1774 1099 manifestius
1822 1053 1938 1098 inter
1987 1065 2035 1098 se

272 1150 500 1207 differunt,
541 1163 677 1210 quam
715 1150 772 1196 ob
805 1161 900 1195 rem
937 1150 1092 1207 aptum
1124 1160 1226 1194 esse
1256 1146 1534 1206 ι11111103111115,
1570 1157 1648 1191 035
1685 1144 1926 1202 separatim
1963 1143 2037 1190 de-

274 1241 426 1287 scribi.

699 1334 756 1392 a)
829 1333 940 1377 Pars
975 1332 1160 1376 dorsalis
1198 1331 1378 1376 musculi
1415 1329 1612 1375 lateralis,

408 1425 519 1471 Pars
566 1424 760 1471 dorsaliS
813 1423 1009 1470 musculi
1060 1423 1260 1469 lateralis
1315 1422 1541 1480 utrimque
1595 1433 1621 1466 a
1654 1418 1849 1479 ‘postica
1897 1420 2038 1467 cranii

272 1516 391 1563 facie
425 1517 483 1563 ad
518 1519 745 1563 externam
780 1516 945 1562 cristae
983 1515 1236 1574 occipitalis
1285 1517 1457 1573 partem
1493 1513 1668 1559 initium
1706 1512 1850 1570 capit,
1898 1514 2038 1571 atque

271 1609 405 1655 modo
434 1609 583 1655 statim
609 1608 911 1655 describendo
939 1621 1041 1654 cum
1077 1608 1284 1654 columna
1317 1605 1561 1653 vertebrali
1594 1606 1844 1651 cohaerens
1882 1617 2040 1650 secun-

273 1700 379 1747 dum
427 1702 544 1747 hanc
589 1701 646 1746 ad
693 1700 857 1759 pinnae
895 1700 1101 1745 caudalis
1139 1698 1428 1745 insertionem
1465 1697 1727 1756 porrigitur.
1800 1697 1855 1742 Ut
1892 1698 2040 1754 septo-

271 1808 369 1840 rum
406 1794 524 1840 113110
557 1793 752 1839 musculi
789 1795 965 1850 partem
1000 1791 1323 1850 trajicientium
1359 1791 1603 1837 decursum
1635 1791 1768 1849 plane
1792 1788 2036 1848 percipias,

271 1887 499 1945 utrimque
530 1886 667 1945 juxta
705 1885 958 1931 columnam
986 1885 1285 1931 vertebralem
1321 1884 1436 1930 duas
1476 1895 1694 1930 conorum
1731 1894 1944 1928 carorum
1981 1880 2038 1927 ab

271 1978 400 2037 apice
427 1978 486 2024 ad
512 1978 641 2023 basin
668 1978 1017 2033 dimidiatorum,
1051 1978 1239 2023 alterius
1264 1977 1308 2022 in
1336 1977 1527 2023 alterum
1553 1976 1867 2031 immissorum,
1895 1973 2038 2021 series

270 2070 418 2117 animo
450 2071 612 2127 fingas,
647 2083 789 2129 quae,
830 2083 1045 2116 conorum
1083 2070 1292 2128 apicibus
1329 2069 1573 2115 introrsum
1610 2070 1768 2123 versis,
1801 2067 1865 2113 ita
1898 2066 2041 2112 altera

261 2161 399 2221 juxta
433 2162 622 2208 alteram
659 2162 746 2208 51111
782 2162 977 2220 positae,
1017 2165 1067 2209 ut
1104 2162 1238 2208 seriei
1276 2162 1440 2208 cristae
1468 2162 1638 2208 dorsali
1671 2161 1906 2220 proximae
1937 2161 2039 2206 coni

269 2255 399 2301 basin
443 2267 675 2313 prorsum,
732 2254 909 2312 apicem
950 2258 1199 2301 retrorsum
1245 2258 1287 2300 et
1330 2254 1514 2313 oblique
1561 2254 1804 2300 introrsum
1840 2254 2037 2307 vertant,

267 2347 403 2393 seriei
446 2345 702 2392 remotioris
747 2346 849 2392 coni
898 2346 995 2392 vice
1033 2358 1164 2392 versa
1201 2346 1301 2391 basi
1347 2358 1431 2391 sua
1476 2348 1725 2392 retrorsum
1763 2347 1807 2391 et
1842 2358 2038 2400 sursum,

268 2439 397 2497 apice
434 2450 643 2496 prorsum
685 2440 729 2483 et
764 2437 1008 2483 introrsum
1046 2440 1266 2495 spectent.
1336 2437 1503 2493 Porro,
1544 2438 1581 2483 si
1618 2437 1764 2483 animo
1801 2437 1947 2493 fingas
1984 2436 2039 2481 de

268 2531 476 2577 seriebus
516 2541 732 2576 conorum
769 2528 1106 2576 dimidiatorum
1142 2530 1206 2575 ita
1243 2529 1474 2587 dispositis
1510 2542 1536 2574 a
1571 2529 1713 2574 latere
1746 2530 1934 2574 externo
1973 2540 2040 2573 se-

267 2622 465 2670 cundum
489 2620 821 2678 longitudinem
850 2623 1133 2678 segmentum
1160 2621 1346 2677 auferri,
1383 2621 1492 2666 ortis
1519 2621 1584 2666 sic
1621 2620 1801 2666 duabus
1830 2619 2037 2665 seriebus

266 2713 636 2774 hyperbolarum,
676 2725 868 2771 quarum
905 2713 1020 2759 fines
1045 2713 1162 2759 111101·
1188 2726 1236 2759 50
1266 2713 1446 2759 obversi
1472 2712 1586 2758 alter
1610 2712 1653 2758 in
1681 2712 1871 2758 alterum
1898 2714 2040 2757 trans-

269 2809 396 2861 eant,
454 2804 694 2863 imagInem
731 2804 966 2860 obtineas,
1006 2817 1124 2864 quae
1163 2807 1396 2863 septorum
1432 2804 1575 2864 partis
1615 2803 1808 2849 dorsalis
1844 2803 2038 2849 musculi

267 2897 468 2945 lateralis
523 2896 741 2942 decursui
795 2897 1016 2954 anguloso
1072 2898 1216 2955 probe
1269 2897 1561 2956 respondeat.
1630 2895 1772 2952 Quam
1818 2895 2038 2941 rationem

269 2991 405 3036 facile
439 2989 679 3048 percipere
715 2989 865 3044 liceat,
905 2989 943 3034 si
981 2989 1097 3036 duos
1133 3002 1273 3036 conos
1307 3002 1332 3034 e
1365 2990 1522 3035 charta
1552 2990 1699 3034 factos
1726 2987 2036 3046 compluribus

271 3081 397 3128 conis
433 3081 706 3137 minoribUS,
765 3080 843 3139 qui
880 3081 994 3128 alter
1031 3082 1161 3128 alteri
1195 3081 1380 3128 immissi
1430 3084 1474 3128 et
1518 3080 1770 3127 alternatim
1819 3092 1843 3126 e
1880 3080 2037 3126 charta

271 3186 517 3233 pannoque
546 3173 749 3221 colorato
780 3174 891 3220 sacti
929 3174 1031 3230 sint,
1069 3174 1341 3233 impleveris
1404 3173 1527 3231 Quos
1566 3185 1721 3229 001105,
1759 3172 1796 3218 51
1834 3183 1903 3227 00,
1944 3183 2034 3230 quo

273 3265 483 3322 dixin111S‚
522 3265 656 3312 modo
695 3267 884 3313 alterum
914 3266 1052 3326 juxta
1086 3266 1277 3313 alterum
1312 3267 1488 3326 positos
1524 3266 1642 3313 inter
1681 3278 1730 3312 se
1768 3264 2033 3319 obverteriS,
