2293 3796
1108 179 1160 221 10

1008 239 1270 247 ——-——-—-

270 337 404 391 stere,
442 333 641 393 ideoque
665 333 755 379 hoc
781 343 919 379 sensu
945 330 1002 378 de
1034 330 1361 377 fasciculorum
1384 331 1551 390 vagina
1577 331 1715 378 verba
1738 330 1841 378 fieri
1871 341 2024 389 posse.

272 426 475 471 Conatus
509 425 593 470 has
630 424 748 470 telae
785 421 1101 480 conjunctivae
1136 421 1324 479 vaginas
1364 422 1590 468 solutione
1626 422 1748 469 Jodii
1783 422 1854 468 vel
1891 421 2028 467 Cocci

270 515 523 573 tinguendi,
563 526 711 573 eoque
738 513 898 559 melius
923 513 969 558 in
1005 514 1300 570 conspectum
1337 511 1475 557 dandi
1511 524 1731 558 successu
1767 514 2024 567 caruerunt,

271 607 379 665 quia
410 607 489 651 aut
524 605 797 650 lineamenta
831 602 1070 649 tenerrima
1110 600 1206 659 jam
1250 602 1354 646 ante
1400 604 1704 657 evanuerunt,
1760 604 1839 647 aut
1880 601 2027 647 omnia

269 695 571 755 aequabiliter
607 695 805 741 colorem
852 696 1019 739 flavum
1065 691 1324 738 induerunt.
1413 692 1542 738 Hanc
1584 704 1677 738 rem
1726 692 2027 738 tractantibus

268 798 468 834 summae
512 785 808 831 difficultates
847 782 1142 841 objiciuntur,
1181 795 1321 841 quum
1356 782 1495 829 motio
1532 783 1603 829 vel
1636 782 1838 839 minima,
1878 782 2025 842 qualis

265 879 312 925 in
337 875 565 923 abluendo
592 874 830 933 fluidoque
857 873 1093 931 tinguente
1130 872 1389 931 adjiciendo
1427 874 1503 920 vix
1539 873 1699 920 evitari
1733 876 1899 932 potest,
1935 873 2026 934 jam

268 968 328 1014 ad
364 969 504 1014 totam
537 965 777 1022 imaginem
815 963 1137 1011 destruendam
1173 963 1336 1010 valeat.

403 1056 539 1113 Quod
566 1058 742 1115 spectat
767 1055 826 1101 ad
849 1056 990 1101 fibras
1018 1053 1208 1113 spirales
1235 1057 1280 1100 et
1314 1054 1540 1111 elasticaS,
1580 1068 1694 1114 quas
1725 1055 2027 1102 Koelliker

268 1149 453 1197 easdem
488 1150 627 1207 atque
663 1147 764 1192 illas
799 1146 1001 1206 judicat,
1060 1146 1239 1206 Leydi
1251 1160 1281 1205 g
1303 1144 1340 1207 l)
1375 1147 1420 1192 in
1457 1148 1690 1207 Polypteri
1734 1151 1839 1194 cute
1886 1148 2026 1194 fibras

263 1238 426 1299 partim
452 1237 571 1284 telae
603 1235 922 1296 conjunctivae
947 1235 1200 1282 fasciculos
1234 1236 1559 1296 circumplecti,
1598 1239 1820 1298 locisque,
1860 1238 2027 1298 quibus

263 1328 473 1376 fasciculi
507 1327 624 1373 inter
662 1339 711 1372 se
749 1326 1065 1382 decussentur‚
1104 1326 1292 1373 lacunas
1328 1329 1608 1386 marginibus
1643 1329 1930 1376 denticulatis
1966 1329 2029 1375 in-

263 1422 460 1467 structas
496 1418 756 1477 relinquere
793 1417 869 1474 ait,
908 1420 1105 1465 attamen
1137 1417 1183 1464 in
1217 1419 1594 1479 Scaphirhyncho
1625 1421 1736 1466 nihil
1761 1421 1850 1467 tale
1877 1421 2029 1467 obser-

262 1523 370 1558 vare
405 1509 655 1568 potuimus,
727 1509 972 1565 Segmenta
1008 1509 1125 1555 cutis
1157 1509 1456 1556 horizontalia
1493 1511 1531 1557 si
1566 1491 1625 1556 ad
1660 1513 1872 1558 effectum
1910 1511 2029 1558 solu-

260 1601 396 1649 tionis
433 1600 537 1647 Kali
573 1599 786 1658 exposita
821 1602 973 1653 erant,
1025 1602 1145 1656 tum,
1200 1603 1446 1661 postquam
1482 1602 1692 1648 fasciculi
1729 1603 1839 1649 satis
1877 1605 2030 1661 turge-

262 1692 374 1740 facti
410 1695 538 1738 erant
582 1690 832 1749 pallidique
877 1693 1136 1746 evaserant,
1186 1691 1353 1737 bacilla
1389 1692 1579 1750 parvula
1626 1695 1670 1739 et
1705 1693 1884 1751 species
1920 1693 2030 1739 fusi-

261 1788 457 1838 formeS,
508 1783 979 1843 saepeprocessibus
1007 1783 1158 1841 longis
1195 1783 1485 1830 flliformibus
1511 1783 1776 1840 instructae,
1815 1783 2028 1830 limitibus

263 1876 546 1936 simplicibus
584 1875 773 1929 cinctae,
810 1874 857 1919 in
895 1878 1189 1934 conspectum
1237 1878 1471 1922 venerunt.
1545 1875 1673 1932 Quae
1717 1888 1895 1935 semper
1942 1887 2029 1922 axe

263 1981 347 2015 suo
375 1966 694 2025 longitudinali
720 1965 973 2022 dilectioni,
1012 1980 1103 2025 qua
1127 1966 1353 2022 fasciculi,
1392 1967 1440 2013 in
1467 1967 1635 2027 quibus
1669 1967 1877 2015 inventae
1909 1969 2027 2023 sunt,

263 2059 592 2113 decurrebant,
638 2055 988 2115 responderunt.
1068 2056 1225 2116 Itaque
1273 2056 1629 2115 longitudinales
1676 2058 1837 2104 harum
1877 2056 2032 2114 imagi-

260 2165 368 2198 num
404 2163 517 2197 axes
555 2163 656 2196 cum
693 2148 1035 2205 fasciculorum,
1074 2149 1119 2195 in
1157 2149 1327 2208 quibus
1365 2149 1543 2207 positae
1592 2151 1710 2204 sunt,
1761 2160 1849 2194 axe
1890 2147 2033 2206 longi-

268 2242 460 2289 tudinali
504 2243 776 2299 congruunt.
867 2239 989 2296 Quas
1036 2240 1257 2298 imagines
1302 2241 1347 2287 in
1390 2242 1602 2299 promptu
1644 2242 1742 2286 erat
1786 2252 1869 2298 pro
1913 2239 2031 2285 telae

270 2332 590 2392 conjunctivae
627 2331 793 2378 assulis
825 2331 993 2389 putari,
1033 2331 1141 2390 quia
1177 2345 1268 2379 non
1292 2334 1474 2390 poterat
1508 2332 1616 2391 quin
1642 2331 1920 2378 mirationem
1945 2342 2034 2376 mo-

270 2428 420 2481 veret,
467 2423 593 2482 quod
636 2435 787 2482 neque
825 2435 981 2469 earum
1017 2435 1166 2482 neque
1203 2424 1421 2469 fibrarum
1459 2423 1692 2482 spiralium
1725 2423 1965 2480 vestigium
1990 2422 2035 2468 in

273 2514 636 2575 Scaphirhynchi
684 2513 807 2560 cario
863 2516 1139 2560 occurreret.
1229 2514 1461 2571 Attamen,
1520 2515 1643 2575 quod
1692 2515 2035 2573 praesumptum

275 2613 386 2663 erat,
425 2606 740 2653 confirmatum
772 2617 863 2651 non
899 2607 981 2651 est.
1051 2605 1258 2665 Namque
1293 2607 1438 2665 primo
1477 2620 1504 2652 a
1540 2606 1666 2652 fibris
1704 2605 1947 2664 spiralibus
1990 2603 2037 2650 id

272 2699 494 2757 imagines
529 2698 634 2744 illae
670 2697 965 2752 differebant,
1022 2697 1147 2757 quod
1194 2698 1408 2745 solutioni
1442 2698 1546 2744 Kali
1590 2697 1817 2756 acidoque
1861 2695 2035 2742 acetico

272 2803 364 2837 non
399 2789 565 2848 magiS,
617 2802 754 2849 quam
789 2790 879 2837 tela
917 2788 1228 2847 conjunctiva,
1275 2790 1572 2846 resistebant,
1610 2789 1714 2846 sed,
1752 2787 2036 2847 praeparatis

281 2895 367 2942 ope
414 2882 772 2929 substantiarum
817 2882 994 2927 illarum
1043 2881 1237 2940 amplius
1272 2881 1475 2928 tractatis
1522 2883 1749 2939 cauteque
1787 2878 2036 2934 calefactiS,

280 2974 413 3020 simul
439 2987 539 3020 cum
565 2973 656 3020 tela
682 2972 972 3032 conjunctiva
1000 2976 1299 3020 evanuerunt.
1371 2973 1558 3029 Deinde,
1597 2971 1913 3031 disquisitione
1939 2983 2040 3016 con-

281 3066 469 3121 tinuata,
506 3064 730 3124 apparuit,
770 3077 860 3111 non
893 3065 1190 3124 corpuscula,
1247 3064 1330 3111 sed
1367 3067 1538 3111 tantum
1573 3064 1783 3119 lacunaS,
1833 3062 2041 3108 substan-

420 3293 454 3335 1)
500 3293 526 3329 1.
555 3303 582 3327 c.
610 3303 693 3338 pag.
721 3291 776 3328 41.
