<?xml version="1.0" encoding="UTF-8"?>
<!DOCTYPE html PUBLIC "-//W3C//DTD XHTML 1.0 Transitional//EN"
    "http://www.w3.org/TR/xhtml1/DTD/xhtml1-transitional.dtd">
<html xmlns="http://www.w3.org/1999/xhtml" xml:lang="en" lang="en">
 <head>
  <title>
</title>
<meta http-equiv="Content-Type" content="text/html;charset=utf-8" />
  <meta name='ocr-system' content='tesseract 3.04.00' />
  <meta name='ocr-capabilities' content='ocr_page ocr_carea ocr_par ocr_line ocrx_word'/>
</head>
<body>
  <div class='ocr_page' id='page_1' title='image "./descaphirhynchor00brut_0013.png"; bbox 0 0 2293 3796; ppageno 0'>
   <div class='ocr_carea' id='block_1_1' title="bbox 1119 158 1144 199">
    <p class='ocr_par' dir='ltr' id='par_1_1' title="bbox 1119 158 1144 199">
     <span class='ocr_line' id='line_1_1' title="bbox 1119 158 1144 199; baseline 0 0"><span class='ocrx_word' id='word_1_1' title='bbox 1119 158 1144 199; x_wconf 91' lang='lat'><strong>9</strong></span> 
     </span>
    </p>
   </div>
   <div class='ocr_carea' id='block_1_2' title="bbox 994 214 1256 222">
    <p class='ocr_par' dir='ltr' id='par_1_2' title="bbox 994 214 1256 222">
     <span class='ocr_line' id='line_1_2' title="bbox 994 214 1256 222; baseline 0 3574"><span class='ocrx_word' id='word_1_2' title='bbox 994 214 1256 222; x_wconf 95' lang='lat' dir='ltr'><strong> </strong></span> 
     </span>
    </p>
   </div>
   <div class='ocr_carea' id='block_1_3' title="bbox 230 307 2021 3131">
    <p class='ocr_par' dir='ltr' id='par_1_3' title="bbox 246 307 2019 737">
     <span class='ocr_line' id='line_1_3' title="bbox 249 307 2015 374; baseline -0.005 -12"><span class='ocrx_word' id='word_1_3' title='bbox 249 318 477 374; x_wconf 77' lang='lat' dir='ltr'><strong>tamquam</strong></span> <span class='ocrx_word' id='word_1_4' title='bbox 512 313 559 359; x_wconf 93' lang='lat' dir='ltr'><strong>in</strong></span> <span class='ocrx_word' id='word_1_5' title='bbox 593 311 811 359; x_wconf 88' lang='lat' dir='ltr'><strong>inferiore</strong></span> <span class='ocrx_word' id='word_1_6' title='bbox 844 308 1170 358; x_wconf 87' lang='lat' dir='ltr'><strong>efformationis</strong></span> <span class='ocrx_word' id='word_1_7' title='bbox 1206 308 1356 368; x_wconf 81' lang='lat' dir='ltr'><strong>gradu</strong></span> <span class='ocrx_word' id='word_1_8' title='bbox 1390 308 1544 367; x_wconf 88' lang='lat' dir='ltr'><strong>posita</strong></span> <span class='ocrx_word' id='word_1_9' title='bbox 1579 307 1773 355; x_wconf 88' lang='lat' dir='ltr'><strong>videtur.</strong></span> <span class='ocrx_word' id='word_1_10' title='bbox 1827 307 2015 365; x_wconf 82' lang='lat' dir='ltr'><strong>Etenim,</strong></span> 
     </span>
     <span class='ocr_line' id='line_1_4' title="bbox 249 398 2015 463; baseline -0.005 -11"><span class='ocrx_word' id='word_1_11' title='bbox 249 406 301 463; x_wconf 91' lang='lat' dir='ltr'><strong>si,</strong></span> <span class='ocrx_word' id='word_1_12' title='bbox 334 405 469 451; x_wconf 90' lang='lat' dir='ltr'><strong>nullis</strong></span> <span class='ocrx_word' id='word_1_13' title='bbox 507 402 775 450; x_wconf 80' lang='lat' dir='ltr'><strong>substantiis</strong></span> <span class='ocrx_word' id='word_1_14' title='bbox 811 401 1106 460; x_wconf 79' lang='lat' dir='ltr'><strong>reagentibus</strong></span> <span class='ocrx_word' id='word_1_15' title='bbox 1137 400 1182 446; x_wconf 93' lang='lat' dir='ltr'><strong>in</strong></span> <span class='ocrx_word' id='word_1_16' title='bbox 1208 413 1342 446; x_wconf 90' lang='lat' dir='ltr'><strong>usum</strong></span> <span class='ocrx_word' id='word_1_17' title='bbox 1366 399 1566 455; x_wconf 83' lang='lat' dir='ltr'><strong>vocatiS,</strong></span> <span class='ocrx_word' id='word_1_18' title='bbox 1605 411 1704 445; x_wconf 92' lang='lat' dir='ltr'><strong>eam</strong></span> <span class='ocrx_word' id='word_1_19' title='bbox 1737 398 2015 455; x_wconf 83' lang='lat' dir='ltr'><strong>considereS,</strong></span> 
     </span>
     <span class='ocr_line' id='line_1_5' title="bbox 246 490 2019 548; baseline -0.004 -5"><span class='ocrx_word' id='word_1_20' title='bbox 246 496 456 543; x_wconf 80' lang='lat' dir='ltr'><strong>fasciculi</strong></span> <span class='ocrx_word' id='word_1_21' title='bbox 493 498 617 542; x_wconf 91' lang='lat' dir='ltr'><strong>certe</strong></span> <span class='ocrx_word' id='word_1_22' title='bbox 663 494 838 541; x_wconf 87' lang='lat' dir='ltr'><strong>definiti</strong></span> <span class='ocrx_word' id='word_1_23' title='bbox 875 493 1214 548; x_wconf 82' lang='lat' dir='ltr'><strong>desiderantur,</strong></span> <span class='ocrx_word' id='word_1_24' title='bbox 1269 504 1355 538; x_wconf 89' lang='lat' dir='ltr'><strong>nec</strong></span> <span class='ocrx_word' id='word_1_25' title='bbox 1399 504 1512 547; x_wconf 92' lang='lat' dir='ltr'><strong>non,</strong></span> <span class='ocrx_word' id='word_1_26' title='bbox 1567 490 1699 537; x_wconf 91' lang='lat' dir='ltr'><strong>acido</strong></span> <span class='ocrx_word' id='word_1_27' title='bbox 1735 490 1911 536; x_wconf 86' lang='lat' dir='ltr'><strong>acetico</strong></span> <span class='ocrx_word' id='word_1_28' title='bbox 1946 490 2019 537; x_wconf 90' lang='lat' dir='ltr'><strong>vel</strong></span> 
     </span>
     <span class='ocr_line' id='line_1_6' title="bbox 247 581 2018 645; baseline -0.004 -11"><span class='ocrx_word' id='word_1_29' title='bbox 247 587 474 635; x_wconf 83' lang='lat' dir='ltr'><strong>solutione</strong></span> <span class='ocrx_word' id='word_1_30' title='bbox 505 587 601 634; x_wconf 89' lang='lat' dir='ltr'><strong>kali</strong></span> <span class='ocrx_word' id='word_1_31' title='bbox 641 585 820 645; x_wconf 86' lang='lat' dir='ltr'><strong>hydrici</strong></span> <span class='ocrx_word' id='word_1_32' title='bbox 856 584 1086 639; x_wconf 81' lang='lat' dir='ltr'><strong>adhibitis,</strong></span> <span class='ocrx_word' id='word_1_33' title='bbox 1125 583 1267 629; x_wconf 82' lang='lat' dir='ltr'><strong>multa</strong></span> <span class='ocrx_word' id='word_1_34' title='bbox 1301 595 1444 641; x_wconf 84' lang='lat' dir='ltr'><strong>grana</strong></span> <span class='ocrx_word' id='word_1_35' title='bbox 1479 594 1645 641; x_wconf 81' lang='lat' dir='ltr'><strong>magna</strong></span> <span class='ocrx_word' id='word_1_36' title='bbox 1680 581 1938 628; x_wconf 87' lang='lat' dir='ltr'><strong>fusiformia</strong></span> <span class='ocrx_word' id='word_1_37' title='bbox 1972 581 2018 627; x_wconf 91' lang='lat' dir='ltr'><strong>in</strong></span> 
     </span>
     <span class='ocr_line' id='line_1_7' title="bbox 247 673 1949 737; baseline -0.004 -12"><span class='ocrx_word' id='word_1_38' title='bbox 247 681 544 737; x_wconf 89' lang='lat' dir='ltr'><strong>conspectum</strong></span> <span class='ocrx_word' id='word_1_39' title='bbox 579 678 790 733; x_wconf 90' lang='lat' dir='ltr'><strong>veniunt,</strong></span> <span class='ocrx_word' id='word_1_40' title='bbox 829 677 876 722; x_wconf 90' lang='lat' dir='ltr'><strong>id</strong></span> <span class='ocrx_word' id='word_1_41' title='bbox 913 675 1037 735; x_wconf 90' lang='lat' dir='ltr'><strong>quod</strong></span> <span class='ocrx_word' id='word_1_42' title='bbox 1073 675 1119 721; x_wconf 90' lang='lat' dir='ltr'><strong>in</strong></span> <span class='ocrx_word' id='word_1_43' title='bbox 1156 674 1307 721; x_wconf 90' lang='lat' dir='ltr'><strong>trunci</strong></span> <span class='ocrx_word' id='word_1_44' title='bbox 1345 676 1450 720; x_wconf 93' lang='lat' dir='ltr'><strong>cute</strong></span> <span class='ocrx_word' id='word_1_45' title='bbox 1486 685 1575 720; x_wconf 91' lang='lat' dir='ltr'><strong>non</strong></span> <span class='ocrx_word' id='word_1_46' title='bbox 1611 673 1675 720; x_wconf 87' lang='lat' dir='ltr'><strong>ita</strong></span> <span class='ocrx_word' id='word_1_47' title='bbox 1711 685 1761 719; x_wconf 92' lang='lat' dir='ltr'><strong>se</strong></span> <span class='ocrx_word' id='word_1_48' title='bbox 1797 673 1949 720; x_wconf 88' lang='lat' dir='ltr'><strong>habet.</strong></span> 
     </span>
    </p>

    <p class='ocr_par' dir='ltr' id='par_1_4' title="bbox 240 764 2021 1563">
     <span class='ocr_line' id='line_1_8' title="bbox 383 764 2018 828; baseline -0.003 -11"><span class='ocrx_word' id='word_1_49' title='bbox 383 770 560 828; x_wconf 81' lang='lat' dir='ltr'><strong>Singuli</strong></span> <span class='ocrx_word' id='word_1_50' title='bbox 604 769 722 816; x_wconf 88' lang='lat' dir='ltr'><strong>telae</strong></span> <span class='ocrx_word' id='word_1_51' title='bbox 769 768 1087 827; x_wconf 88' lang='lat' dir='ltr'><strong>conjunctivae</strong></span> <span class='ocrx_word' id='word_1_52' title='bbox 1128 766 1340 813; x_wconf 83' lang='lat' dir='ltr'><strong>fasciculi</strong></span> <span class='ocrx_word' id='word_1_53' title='bbox 1386 778 1525 825; x_wconf 92' lang='lat' dir='ltr'><strong>quum</strong></span> <span class='ocrx_word' id='word_1_54' title='bbox 1566 764 1612 811; x_wconf 92' lang='lat' dir='ltr'><strong>in</strong></span> <span class='ocrx_word' id='word_1_55' title='bbox 1655 764 2018 824; x_wconf 86' lang='lat' dir='ltr'><strong>Scaphirhynchi</strong></span> 
     </span>
     <span class='ocr_line' id='line_1_9' title="bbox 247 857 2021 920; baseline -0.005 -9"><span class='ocrx_word' id='word_1_56' title='bbox 247 864 372 911; x_wconf 88' lang='lat' dir='ltr'><strong>corio</strong></span> <span class='ocrx_word' id='word_1_57' title='bbox 408 866 497 910; x_wconf 90' lang='lat' dir='ltr'><strong>tam</strong></span> <span class='ocrx_word' id='word_1_58' title='bbox 529 860 770 920; x_wconf 81' lang='lat' dir='ltr'><strong>regulatim</strong></span> <span class='ocrx_word' id='word_1_59' title='bbox 796 859 1007 918; x_wconf 86' lang='lat' dir='ltr'><strong>dispositi</strong></span> <span class='ocrx_word' id='word_1_60' title='bbox 1032 859 1338 917; x_wconf 84' lang='lat' dir='ltr'><strong>distincteque</strong></span> <span class='ocrx_word' id='word_1_61' title='bbox 1364 857 1542 904; x_wconf 86' lang='lat' dir='ltr'><strong>limitati</strong></span> <span class='ocrx_word' id='word_1_62' title='bbox 1569 860 1835 916; x_wconf 84' lang='lat' dir='ltr'><strong>appareant,</strong></span> <span class='ocrx_word' id='word_1_63' title='bbox 1875 857 2021 916; x_wconf 90' lang='lat' dir='ltr'><strong>suspi-</strong></span> 
     </span>
     <span class='ocr_line' id='line_1_10' title="bbox 246 949 2021 1010; baseline -0.003 -8"><span class='ocrx_word' id='word_1_64' title='bbox 246 955 340 1002; x_wconf 91' lang='lat' dir='ltr'><strong>cari</strong></span> <span class='ocrx_word' id='word_1_65' title='bbox 373 954 492 1010; x_wconf 89' lang='lat' dir='ltr'><strong>licet,</strong></span> <span class='ocrx_word' id='word_1_66' title='bbox 530 953 575 999; x_wconf 93' lang='lat' dir='ltr'><strong>in</strong></span> <span class='ocrx_word' id='word_1_67' title='bbox 610 952 698 999; x_wconf 90' lang='lat' dir='ltr'><strong>illis</strong></span> <span class='ocrx_word' id='word_1_68' title='bbox 733 953 932 997; x_wconf 87' lang='lat' dir='ltr'><strong>fortasse</strong></span> <span class='ocrx_word' id='word_1_69' title='bbox 969 950 1164 997; x_wconf 83' lang='lat' dir='ltr'><strong>maxime</strong></span> <span class='ocrx_word' id='word_1_70' title='bbox 1195 949 1461 1006; x_wconf 82' lang='lat' dir='ltr'><strong>contingere</strong></span> <span class='ocrx_word' id='word_1_71' title='bbox 1497 961 1652 1007; x_wconf 88' lang='lat' dir='ltr'><strong>posse,</strong></span> <span class='ocrx_word' id='word_1_72' title='bbox 1687 951 1739 995; x_wconf 85' lang='lat' dir='ltr'><strong>ut</strong></span> <span class='ocrx_word' id='word_1_73' title='bbox 1773 949 1891 996; x_wconf 92' lang='lat' dir='ltr'><strong>telae</strong></span> <span class='ocrx_word' id='word_1_74' title='bbox 1917 962 2021 997; x_wconf 93' lang='lat' dir='ltr'><strong>con-</strong></span> 
     </span>
     <span class='ocr_line' id='line_1_11' title="bbox 240 1037 2019 1105; baseline -0.002 -12"><span class='ocrx_word' id='word_1_75' title='bbox 240 1045 476 1105; x_wconf 87' lang='lat' dir='ltr'><strong>junctivae</strong></span> <span class='ocrx_word' id='word_1_76' title='bbox 500 1044 705 1102; x_wconf 83' lang='lat' dir='ltr'><strong>vaginas,</strong></span> <span class='ocrx_word' id='word_1_77' title='bbox 740 1056 871 1103; x_wconf 80' lang='lat' dir='ltr'><strong>quaS,</strong></span> <span class='ocrx_word' id='word_1_78' title='bbox 910 1055 938 1089; x_wconf 90' lang='lat' dir='ltr'><strong>a</strong></span> <span class='ocrx_word' id='word_1_79' title='bbox 970 1042 1197 1088; x_wconf 88' lang='lat' dir='ltr'><strong>nonnullis</strong></span> <span class='ocrx_word' id='word_1_80' title='bbox 1225 1041 1492 1087; x_wconf 88' lang='lat' dir='ltr'><strong>auctoribus</strong></span> <span class='ocrx_word' id='word_1_81' title='bbox 1516 1037 1553 1101; x_wconf 83' lang='lat'><strong>ยน)</strong></span> <span class='ocrx_word' id='word_1_82' title='bbox 1586 1042 1795 1097; x_wconf 84' lang='lat' dir='ltr'><strong>statutaS,</strong></span> <span class='ocrx_word' id='word_1_83' title='bbox 1836 1045 2019 1090; x_wconf 83' lang='lat' dir='ltr'><strong>exstare</strong></span> 
     </span>
     <span class='ocr_line' id='line_1_12' title="bbox 244 1132 2021 1197; baseline -0.002 -12"><span class='ocrx_word' id='word_1_84' title='bbox 244 1151 329 1197; x_wconf 94' lang='lat' dir='ltr'><strong>per</strong></span> <span class='ocrx_word' id='word_1_85' title='bbox 366 1150 415 1184; x_wconf 92' lang='lat' dir='ltr'><strong>se</strong></span> <span class='ocrx_word' id='word_1_86' title='bbox 451 1135 822 1184; x_wconf 87' lang='lat' dir='ltr'><strong>verisimillimum</strong></span> <span class='ocrx_word' id='word_1_87' title='bbox 854 1137 945 1191; x_wconf 88' lang='lat' dir='ltr'><strong>est,</strong></span> <span class='ocrx_word' id='word_1_88' title='bbox 983 1133 1203 1193; x_wconf 86' lang='lat' dir='ltr'><strong>reperias.</strong></span> <span class='ocrx_word' id='word_1_89' title='bbox 1277 1132 1421 1189; x_wconf 86' lang='lat' dir='ltr'><strong>Quam</strong></span> <span class='ocrx_word' id='word_1_90' title='bbox 1466 1132 1524 1178; x_wconf 91' lang='lat' dir='ltr'><strong>ob</strong></span> <span class='ocrx_word' id='word_1_91' title='bbox 1571 1145 1757 1179; x_wconf 91' lang='lat' dir='ltr'><strong>causam</strong></span> <span class='ocrx_word' id='word_1_92' title='bbox 1800 1133 1911 1180; x_wconf 91' lang='lat' dir='ltr'><strong>corii</strong></span> <span class='ocrx_word' id='word_1_93' title='bbox 1953 1146 2021 1181; x_wconf 94' lang='lat' dir='ltr'><strong>se-</strong></span> 
     </span>
     <span class='ocr_line' id='line_1_13' title="bbox 242 1224 2019 1289; baseline -0.002 -12"><span class='ocrx_word' id='word_1_94' title='bbox 242 1232 424 1289; x_wconf 83' lang='lat' dir='ltr'><strong>gmenta</strong></span> <span class='ocrx_word' id='word_1_95' title='bbox 469 1229 528 1276; x_wconf 90' lang='lat' dir='ltr'><strong>ad</strong></span> <span class='ocrx_word' id='word_1_96' title='bbox 579 1228 786 1288; x_wconf 84' lang='lat' dir='ltr'><strong>analysin</strong></span> <span class='ocrx_word' id='word_1_97' title='bbox 823 1226 1200 1285; x_wconf 88' lang='lat' dir='ltr'><strong>microscopicam</strong></span> <span class='ocrx_word' id='word_1_98' title='bbox 1252 1227 1552 1285; x_wconf 88' lang='lat' dir='ltr'><strong>praeparata,</strong></span> <span class='ocrx_word' id='word_1_99' title='bbox 1607 1227 1658 1271; x_wconf 92' lang='lat' dir='ltr'><strong>ut</strong></span> <span class='ocrx_word' id='word_1_100' title='bbox 1693 1224 2019 1274; x_wconf 80' lang='lat' dir='ltr'><strong>fasciculorum</strong></span> 
     </span>
     <span class='ocr_line' id='line_1_14' title="bbox 243 1318 2019 1381; baseline -0.002 -14"><span class='ocrx_word' id='word_1_101' title='bbox 243 1321 489 1381; x_wconf 86' lang='lat' dir='ltr'><strong>disjunctio</strong></span> <span class='ocrx_word' id='word_1_102' title='bbox 528 1321 817 1375; x_wconf 86' lang='lat' dir='ltr'><strong>efficeretur,</strong></span> <span class='ocrx_word' id='word_1_103' title='bbox 874 1331 997 1378; x_wconf 90' lang='lat' dir='ltr'><strong>aqua</strong></span> <span class='ocrx_word' id='word_1_104' title='bbox 1032 1318 1223 1377; x_wconf 81' lang='lat' dir='ltr'><strong>barytae</strong></span> <span class='ocrx_word' id='word_1_105' title='bbox 1261 1318 1455 1364; x_wconf 86' lang='lat' dir='ltr'><strong>tractata</strong></span> <span class='ocrx_word' id='word_1_106' title='bbox 1497 1319 1624 1373; x_wconf 88' lang='lat' dir='ltr'><strong>sunt,</strong></span> <span class='ocrx_word' id='word_1_107' title='bbox 1681 1329 1816 1376; x_wconf 89' lang='lat' dir='ltr'><strong>quam</strong></span> <span class='ocrx_word' id='word_1_108' title='bbox 1854 1318 2019 1375; x_wconf 83' lang='lat' dir='ltr'><strong>agendi</strong></span> 
     </span>
     <span class='ocr_line' id='line_1_15' title="bbox 241 1408 2017 1468; baseline -0.002 -9"><span class='ocrx_word' id='word_1_109' title='bbox 241 1413 462 1459; x_wconf 91' lang='lat' dir='ltr'><strong>rationem</strong></span> <span class='ocrx_word' id='word_1_110' title='bbox 498 1412 686 1458; x_wconf 87' lang='lat' dir='ltr'><strong>Rolett</strong></span> <span class='ocrx_word' id='word_1_111' title='bbox 718 1411 1025 1468; x_wconf 89' lang='lat' dir='ltr'><strong>commendat,</strong></span> <span class='ocrx_word' id='word_1_112' title='bbox 1082 1410 1120 1456; x_wconf 88' lang='lat' dir='ltr'><strong>si</strong></span> <span class='ocrx_word' id='word_1_113' title='bbox 1165 1410 1300 1457; x_wconf 92' lang='lat' dir='ltr'><strong>telam</strong></span> <span class='ocrx_word' id='word_1_114' title='bbox 1338 1408 1674 1468; x_wconf 89' lang='lat' dir='ltr'><strong>conjunctivam</strong></span> <span class='ocrx_word' id='word_1_115' title='bbox 1722 1408 1768 1455; x_wconf 92' lang='lat' dir='ltr'><strong>in</strong></span> <span class='ocrx_word' id='word_1_116' title='bbox 1812 1409 2017 1467; x_wconf 84' lang='lat' dir='ltr'><strong>singulos</strong></span> 
     </span>
     <span class='ocr_line' id='line_1_16' title="bbox 241 1502 1155 1563; baseline -0.003 -12"><span class='ocrx_word' id='word_1_117' title='bbox 241 1504 492 1551; x_wconf 88' lang='lat' dir='ltr'><strong>fasciculos</strong></span> <span class='ocrx_word' id='word_1_118' title='bbox 524 1503 813 1563; x_wconf 87' lang='lat' dir='ltr'><strong>fibrillasque</strong></span> <span class='ocrx_word' id='word_1_119' title='bbox 850 1503 991 1549; x_wconf 86' lang='lat' dir='ltr'><strong>dilabi</strong></span> <span class='ocrx_word' id='word_1_120' title='bbox 1027 1502 1155 1549; x_wconf 79' lang='lat' dir='ltr'><strong>veliS.</strong></span> 
     </span>
    </p>

    <p class='ocr_par' dir='ltr' id='par_1_5' title="bbox 230 1595 2019 3131">
     <span class='ocr_line' id='line_1_17' title="bbox 376 1595 2018 1655; baseline 0 -12"><span class='ocrx_word' id='word_1_121' title='bbox 376 1596 438 1643; x_wconf 90' lang='lat' dir='ltr'><strong>At</strong></span> <span class='ocrx_word' id='word_1_122' title='bbox 475 1595 704 1655; x_wconf 85' lang='lat' dir='ltr'><strong>equidem,</strong></span> <span class='ocrx_word' id='word_1_123' title='bbox 744 1595 952 1655; x_wconf 89' lang='lat' dir='ltr'><strong>quamvis</strong></span> <span class='ocrx_word' id='word_1_124' title='bbox 991 1597 1226 1654; x_wconf 81' lang='lat' dir='ltr'><strong>segmenta</strong></span> <span class='ocrx_word' id='word_1_125' title='bbox 1263 1607 1354 1642; x_wconf 92' lang='lat' dir='ltr'><strong>non</strong></span> <span class='ocrx_word' id='word_1_126' title='bbox 1390 1607 1474 1655; x_wconf 89' lang='lat' dir='ltr'><strong>per</strong></span> <span class='ocrx_word' id='word_1_127' title='bbox 1509 1595 1647 1642; x_wconf 91' lang='lat' dir='ltr'><strong>horas</strong></span> <span class='ocrx_word' id='word_1_128' title='bbox 1685 1606 1768 1641; x_wconf 87' lang='lat' dir='ltr'><strong>sex</strong></span> <span class='ocrx_word' id='word_1_129' title='bbox 1800 1595 1871 1642; x_wconf 91' lang='lat' dir='ltr'><strong>vel</strong></span> <span class='ocrx_word' id='word_1_130' title='bbox 1898 1598 2018 1653; x_wconf 88' lang='lat' dir='ltr'><strong>oct0,</strong></span> 
     </span>
     <span class='ocr_line' id='line_1_18' title="bbox 242 1687 2018 1749; baseline -0.001 -14"><span class='ocrx_word' id='word_1_131' title='bbox 242 1688 369 1749; x_wconf 88' lang='lat' dir='ltr'><strong>quod</strong></span> <span class='ocrx_word' id='word_1_132' title='bbox 414 1688 632 1747; x_wconf 89' lang='lat' dir='ltr'><strong>temporis</strong></span> <span class='ocrx_word' id='word_1_133' title='bbox 681 1687 877 1746; x_wconf 88' lang='lat' dir='ltr'><strong>spatium</strong></span> <span class='ocrx_word' id='word_1_134' title='bbox 922 1689 1087 1734; x_wconf 84' lang='lat' dir='ltr'><strong>auctor</strong></span> <span class='ocrx_word' id='word_1_135' title='bbox 1131 1687 1207 1734; x_wconf 91' lang='lat' dir='ltr'><strong>ille</strong></span> <span class='ocrx_word' id='word_1_136' title='bbox 1256 1688 1315 1734; x_wconf 89' lang='lat' dir='ltr'><strong>ad</strong></span> <span class='ocrx_word' id='word_1_137' title='bbox 1361 1690 1571 1735; x_wconf 87' lang='lat' dir='ltr'><strong>eventum</strong></span> <span class='ocrx_word' id='word_1_138' title='bbox 1623 1689 1883 1746; x_wconf 85' lang='lat' dir='ltr'><strong>exoptatum</strong></span> <span class='ocrx_word' id='word_1_139' title='bbox 1920 1687 2018 1746; x_wconf 89' lang='lat' dir='ltr'><strong>jam</strong></span> 
     </span>
     <span class='ocr_line' id='line_1_19' title="bbox 239 1776 2018 1837; baseline -0.001 -10"><span class='ocrx_word' id='word_1_140' title='bbox 239 1781 458 1827; x_wconf 75' lang='lat' dir='ltr'><strong>sufficere</strong></span> <span class='ocrx_word' id='word_1_141' title='bbox 517 1782 698 1835; x_wconf 88' lang='lat' dir='ltr'><strong>censet,</strong></span> <span class='ocrx_word' id='word_1_142' title='bbox 771 1778 854 1826; x_wconf 89' lang='lat' dir='ltr'><strong>sed</strong></span> <span class='ocrx_word' id='word_1_143' title='bbox 908 1792 991 1837; x_wconf 89' lang='lat' dir='ltr'><strong>per</strong></span> <span class='ocrx_word' id='word_1_144' title='bbox 1046 1779 1184 1825; x_wconf 89' lang='lat' dir='ltr'><strong>horas</strong></span> <span class='ocrx_word' id='word_1_145' title='bbox 1231 1776 1296 1827; x_wconf 79' lang='lat'><strong>24</strong></span> <span class='ocrx_word' id='word_1_146' title='bbox 1346 1779 1392 1825; x_wconf 92' lang='lat' dir='ltr'><strong>in</strong></span> <span class='ocrx_word' id='word_1_147' title='bbox 1450 1778 1676 1827; x_wconf 87' lang='lat' dir='ltr'><strong>solutione</strong></span> <span class='ocrx_word' id='word_1_148' title='bbox 1724 1780 2018 1826; x_wconf 82' lang='lat' dir='ltr'><strong>concentrata</strong></span> 
     </span>
     <span class='ocr_line' id='line_1_20' title="bbox 238 1871 2019 1932; baseline -0.001 -13"><span class='ocrx_word' id='word_1_149' title='bbox 238 1872 542 1932; x_wconf 88' lang='lat' dir='ltr'><strong>reliquissem,</strong></span> <span class='ocrx_word' id='word_1_150' title='bbox 582 1875 732 1918; x_wconf 91' lang='lat' dir='ltr'><strong>tamen</strong></span> <span class='ocrx_word' id='word_1_151' title='bbox 766 1884 1012 1932; x_wconf 89' lang='lat' dir='ltr'><strong>numquam</strong></span> <span class='ocrx_word' id='word_1_152' title='bbox 1052 1873 1267 1918; x_wconf 83' lang='lat' dir='ltr'><strong>effectum</strong></span> <span class='ocrx_word' id='word_1_153' title='bbox 1303 1871 1456 1927; x_wconf 87' lang='lat' dir='ltr'><strong>alium,</strong></span> <span class='ocrx_word' id='word_1_154' title='bbox 1495 1871 1583 1918; x_wconf 89' lang='lat' dir='ltr'><strong>nisi</strong></span> <span class='ocrx_word' id='word_1_155' title='bbox 1621 1871 1808 1919; x_wconf 83' lang='lat' dir='ltr'><strong>effectui</strong></span> <span class='ocrx_word' id='word_1_156' title='bbox 1835 1871 2019 1919; x_wconf 88' lang='lat' dir='ltr'><strong>solutio-</strong></span> 
     </span>
     <span class='ocr_line' id='line_1_21' title="bbox 237 1963 2019 2024; baseline 0.001 -14"><span class='ocrx_word' id='word_1_157' title='bbox 237 1964 306 2011; x_wconf 90' lang='lat' dir='ltr'><strong>nis</strong></span> <span class='ocrx_word' id='word_1_158' title='bbox 342 1964 439 2011; x_wconf 89' lang='lat' dir='ltr'><strong>kali</strong></span> <span class='ocrx_word' id='word_1_159' title='bbox 475 1963 655 2024; x_wconf 75' lang='lat' dir='ltr'><strong>hydrici</strong></span> <span class='ocrx_word' id='word_1_160' title='bbox 693 1964 894 2020; x_wconf 88' lang='lat' dir='ltr'><strong>similem,</strong></span> <span class='ocrx_word' id='word_1_161' title='bbox 933 1977 988 2011; x_wconf 91' lang='lat' dir='ltr'><strong>ac</strong></span> <span class='ocrx_word' id='word_1_162' title='bbox 1034 1966 1208 2011; x_wconf 88' lang='lat' dir='ltr'><strong>tantum</strong></span> <span class='ocrx_word' id='word_1_163' title='bbox 1240 1964 1457 2011; x_wconf 85' lang='lat' dir='ltr'><strong>minorem</strong></span> <span class='ocrx_word' id='word_1_164' title='bbox 1483 1964 1738 2013; x_wconf 89' lang='lat' dir='ltr'><strong>observavi.</strong></span> <span class='ocrx_word' id='word_1_165' title='bbox 1811 1965 1924 2011; x_wconf 85' lang='lat' dir='ltr'><strong>Nam</strong></span> <span class='ocrx_word' id='word_1_166' title='bbox 1953 1966 2019 2012; x_wconf 88' lang='lat' dir='ltr'><strong>fa-</strong></span> 
     </span>
     <span class='ocr_line' id='line_1_22' title="bbox 238 2056 2016 2118; baseline 0.001 -14"><span class='ocrx_word' id='word_1_167' title='bbox 238 2057 398 2104; x_wconf 91' lang='lat' dir='ltr'><strong>sciculi</strong></span> <span class='ocrx_word' id='word_1_168' title='bbox 435 2057 619 2116; x_wconf 91' lang='lat' dir='ltr'><strong>quidem</strong></span> <span class='ocrx_word' id='word_1_169' title='bbox 655 2056 816 2115; x_wconf 89' lang='lat' dir='ltr'><strong>pallidi</strong></span> <span class='ocrx_word' id='word_1_170' title='bbox 853 2058 1127 2104; x_wconf 84' lang='lat' dir='ltr'><strong>exstiterunt</strong></span> <span class='ocrx_word' id='word_1_171' title='bbox 1179 2070 1234 2104; x_wconf 91' lang='lat' dir='ltr'><strong>ac</strong></span> <span class='ocrx_word' id='word_1_172' title='bbox 1288 2057 1534 2116; x_wconf 80' lang='lat' dir='ltr'><strong>turgesacti</strong></span> <span class='ocrx_word' id='word_1_173' title='bbox 1578 2059 1707 2114; x_wconf 83' lang='lat' dir='ltr'><strong>sunt,</strong></span> <span class='ocrx_word' id='word_1_174' title='bbox 1768 2070 2016 2118; x_wconf 87' lang='lat' dir='ltr'><strong>numquam</strong></span> 
     </span>
     <span class='ocr_line' id='line_1_23' title="bbox 236 2149 2015 2209; baseline 0 -13"><span class='ocrx_word' id='word_1_175' title='bbox 236 2161 360 2206; x_wconf 87' lang='lat' dir='ltr'><strong>ver0,</strong></span> <span class='ocrx_word' id='word_1_176' title='bbox 399 2149 575 2195; x_wconf 89' lang='lat' dir='ltr'><strong>etiamsi</strong></span> <span class='ocrx_word' id='word_1_177' title='bbox 611 2149 774 2196; x_wconf 86' lang='lat' dir='ltr'><strong>vitrum</strong></span> <span class='ocrx_word' id='word_1_178' title='bbox 801 2161 875 2196; x_wconf 92' lang='lat' dir='ltr'><strong>res</strong></span> <span class='ocrx_word' id='word_1_179' title='bbox 911 2149 1216 2208; x_wconf 88' lang='lat' dir='ltr'><strong>microscopio</strong></span> <span class='ocrx_word' id='word_1_180' title='bbox 1245 2149 1481 2209; x_wconf 84' lang='lat' dir='ltr'><strong>subjectas</strong></span> <span class='ocrx_word' id='word_1_181' title='bbox 1507 2152 1669 2208; x_wconf 78' lang='lat' dir='ltr'><strong>tegens</strong></span> <span class='ocrx_word' id='word_1_182' title='bbox 1695 2149 1917 2197; x_wconf 89' lang='lat' dir='ltr'><strong>movendo</strong></span> <span class='ocrx_word' id='word_1_183' title='bbox 1945 2150 2015 2197; x_wconf 87' lang='lat' dir='ltr'><strong>vel</strong></span> 
     </span>
     <span class='ocr_line' id='line_1_24' title="bbox 235 2239 2014 2301; baseline 0.001 -14"><span class='ocrx_word' id='word_1_184' title='bbox 235 2240 483 2300; x_wconf 88' lang='lat' dir='ltr'><strong>premendo</strong></span> <span class='ocrx_word' id='word_1_185' title='bbox 522 2239 803 2299; x_wconf 89' lang='lat' dir='ltr'><strong>adjuvarem,</strong></span> <span class='ocrx_word' id='word_1_186' title='bbox 838 2240 956 2288; x_wconf 88' lang='lat' dir='ltr'><strong>inter</strong></span> <span class='ocrx_word' id='word_1_187' title='bbox 993 2254 1042 2288; x_wconf 90' lang='lat' dir='ltr'><strong>se</strong></span> <span class='ocrx_word' id='word_1_188' title='bbox 1085 2241 1304 2301; x_wconf 88' lang='lat' dir='ltr'><strong>disjuncti</strong></span> <span class='ocrx_word' id='word_1_189' title='bbox 1343 2244 1463 2290; x_wconf 89' lang='lat' dir='ltr'><strong>sunt.</strong></span> <span class='ocrx_word' id='word_1_190' title='bbox 1545 2242 1707 2301; x_wconf 89' lang='lat' dir='ltr'><strong>Neque</strong></span> <span class='ocrx_word' id='word_1_191' title='bbox 1743 2242 1888 2300; x_wconf 79' lang='lat' dir='ltr'><strong>magis</strong></span> <span class='ocrx_word' id='word_1_192' title='bbox 1925 2242 2014 2289; x_wconf 90' lang='lat' dir='ltr'><strong>hoc</strong></span> 
     </span>
     <span class='ocr_line' id='line_1_25' title="bbox 236 2332 2012 2393; baseline 0.001 -14"><span class='ocrx_word' id='word_1_193' title='bbox 236 2332 400 2389; x_wconf 90' lang='lat' dir='ltr'><strong>evenit,</strong></span> <span class='ocrx_word' id='word_1_194' title='bbox 441 2345 580 2392; x_wconf 87' lang='lat' dir='ltr'><strong>quum</strong></span> <span class='ocrx_word' id='word_1_195' title='bbox 618 2335 868 2391; x_wconf 79' lang='lat' dir='ltr'><strong>segmenta,</strong></span> <span class='ocrx_word' id='word_1_196' title='bbox 909 2334 974 2380; x_wconf 90' lang='lat' dir='ltr'><strong>uti</strong></span> <span class='ocrx_word' id='word_1_197' title='bbox 1011 2336 1175 2380; x_wconf 88' lang='lat' dir='ltr'><strong>auctor</strong></span> <span class='ocrx_word' id='word_1_198' title='bbox 1209 2333 1285 2380; x_wconf 91' lang='lat' dir='ltr'><strong>ille</strong></span> <span class='ocrx_word' id='word_1_199' title='bbox 1324 2334 1502 2391; x_wconf 88' lang='lat' dir='ltr'><strong>suadet,</strong></span> <span class='ocrx_word' id='word_1_200' title='bbox 1547 2347 1631 2393; x_wconf 91' lang='lat' dir='ltr'><strong>per</strong></span> <span class='ocrx_word' id='word_1_201' title='bbox 1665 2334 1763 2381; x_wconf 89' lang='lat' dir='ltr'><strong>dies</strong></span> <span class='ocrx_word' id='word_1_202' title='bbox 1799 2332 1929 2383; x_wconf 80' lang='grc'><strong>6-8</strong></span> <span class='ocrx_word' id='word_1_203' title='bbox 1967 2335 2012 2381; x_wconf 91' lang='lat' dir='ltr'><strong>in</strong></span> 
     </span>
     <span class='ocr_line' id='line_1_26' title="bbox 236 2423 2011 2486; baseline 0.002 -16"><span class='ocrx_word' id='word_1_204' title='bbox 236 2437 359 2484; x_wconf 91' lang='lat' dir='ltr'><strong>aqua</strong></span> <span class='ocrx_word' id='word_1_205' title='bbox 398 2423 539 2471; x_wconf 91' lang='lat' dir='ltr'><strong>calcis</strong></span> <span class='ocrx_word' id='word_1_206' title='bbox 575 2427 814 2471; x_wconf 86' lang='lat' dir='ltr'><strong>asservata</strong></span> <span class='ocrx_word' id='word_1_207' title='bbox 851 2427 1019 2471; x_wconf 89' lang='lat' dir='ltr'><strong>essent.</strong></span> <span class='ocrx_word' id='word_1_208' title='bbox 1094 2428 1338 2484; x_wconf 80' lang='lat' dir='ltr'><strong>Segmenta</strong></span> <span class='ocrx_word' id='word_1_209' title='bbox 1375 2426 1413 2473; x_wconf 92' lang='lat' dir='ltr'><strong>si</strong></span> <span class='ocrx_word' id='word_1_210' title='bbox 1448 2426 1677 2474; x_wconf 90' lang='lat' dir='ltr'><strong>solutione</strong></span> <span class='ocrx_word' id='word_1_211' title='bbox 1713 2426 1809 2473; x_wconf 87' lang='lat' dir='ltr'><strong>kali</strong></span> <span class='ocrx_word' id='word_1_212' title='bbox 1832 2426 2011 2486; x_wconf 86' lang='lat' dir='ltr'><strong>hydrici</strong></span> 
     </span>
     <span class='ocr_line' id='line_1_27' title="bbox 235 2516 2011 2577; baseline 0 -13"><span class='ocrx_word' id='word_1_213' title='bbox 235 2516 502 2564; x_wconf 88' lang='lat' dir='ltr'><strong>tractaveris</strong></span> <span class='ocrx_word' id='word_1_214' title='bbox 540 2529 595 2563; x_wconf 93' lang='lat' dir='ltr'><strong>ac</strong></span> <span class='ocrx_word' id='word_1_215' title='bbox 631 2516 826 2563; x_wconf 87' lang='lat' dir='ltr'><strong>subinde</strong></span> <span class='ocrx_word' id='word_1_216' title='bbox 861 2516 1041 2564; x_wconf 91' lang='lat' dir='ltr'><strong>modice</strong></span> <span class='ocrx_word' id='word_1_217' title='bbox 1079 2517 1376 2574; x_wconf 79' lang='lat' dir='ltr'><strong>calefeceriS,</strong></span> <span class='ocrx_word' id='word_1_218' title='bbox 1432 2518 1588 2577; x_wconf 88' lang='lat' dir='ltr'><strong>aliqua</strong></span> <span class='ocrx_word' id='word_1_219' title='bbox 1637 2518 1850 2564; x_wconf 86' lang='lat' dir='ltr'><strong>cautione</strong></span> <span class='ocrx_word' id='word_1_220' title='bbox 1886 2517 2011 2564; x_wconf 90' lang='lat' dir='ltr'><strong>adhi-</strong></span> 
     </span>
     <span class='ocr_line' id='line_1_28' title="bbox 234 2607 2010 2670; baseline 0.002 -17"><span class='ocrx_word' id='word_1_221' title='bbox 234 2608 343 2663; x_wconf 89' lang='lat' dir='ltr'><strong>bita,</strong></span> <span class='ocrx_word' id='word_1_222' title='bbox 383 2607 617 2666; x_wconf 84' lang='lat' dir='ltr'><strong>contingit,</strong></span> <span class='ocrx_word' id='word_1_223' title='bbox 656 2610 720 2664; x_wconf 86' lang='lat' dir='ltr'><strong>ut,</strong></span> <span class='ocrx_word' id='word_1_224' title='bbox 761 2621 898 2668; x_wconf 89' lang='lat' dir='ltr'><strong>quum</strong></span> <span class='ocrx_word' id='word_1_225' title='bbox 936 2611 1091 2655; x_wconf 88' lang='lat' dir='ltr'><strong>cetera</strong></span> <span class='ocrx_word' id='word_1_226' title='bbox 1124 2609 1170 2655; x_wconf 88' lang='lat' dir='ltr'><strong>in</strong></span> <span class='ocrx_word' id='word_1_227' title='bbox 1202 2622 1399 2656; x_wconf 89' lang='lat' dir='ltr'><strong>massam</strong></span> <span class='ocrx_word' id='word_1_228' title='bbox 1425 2622 1571 2668; x_wconf 90' lang='lat' dir='ltr'><strong>prope</strong></span> <span class='ocrx_word' id='word_1_229' title='bbox 1597 2610 1883 2670; x_wconf 90' lang='lat' dir='ltr'><strong>aequabilem</strong></span> <span class='ocrx_word' id='word_1_230' title='bbox 1909 2623 2010 2669; x_wconf 90' lang='lat' dir='ltr'><strong>per-</strong></span> 
     </span>
     <span class='ocr_line' id='line_1_29' title="bbox 233 2699 2006 2762; baseline 0.001 -16"><span class='ocrx_word' id='word_1_231' title='bbox 233 2702 407 2746; x_wconf 86' lang='lat' dir='ltr'><strong>mutata</strong></span> <span class='ocrx_word' id='word_1_232' title='bbox 444 2700 558 2758; x_wconf 90' lang='lat' dir='ltr'><strong>sint,</strong></span> <span class='ocrx_word' id='word_1_233' title='bbox 612 2701 808 2759; x_wconf 79' lang='lat' dir='ltr'><strong>exiguas</strong></span> <span class='ocrx_word' id='word_1_234' title='bbox 846 2699 966 2747; x_wconf 90' lang='lat' dir='ltr'><strong>telae</strong></span> <span class='ocrx_word' id='word_1_235' title='bbox 1002 2701 1225 2761; x_wconf 88' lang='lat' dir='ltr'><strong>reliquias</strong></span> <span class='ocrx_word' id='word_1_236' title='bbox 1265 2703 1497 2758; x_wconf 80' lang='lat' dir='ltr'><strong>obtineaS,</strong></span> <span class='ocrx_word' id='word_1_237' title='bbox 1555 2714 1674 2762; x_wconf 89' lang='lat' dir='ltr'><strong>quae</strong></span> <span class='ocrx_word' id='word_1_238' title='bbox 1710 2714 1793 2760; x_wconf 85' lang='lat' dir='ltr'><strong>pro</strong></span> <span class='ocrx_word' id='word_1_239' title='bbox 1832 2702 2006 2760; x_wconf 85' lang='lat' dir='ltr'><strong>vaginis</strong></span> 
     </span>
     <span class='ocr_line' id='line_1_30' title="bbox 230 2792 2007 2851; baseline 0.002 -13"><span class='ocrx_word' id='word_1_240' title='bbox 230 2792 392 2839; x_wconf 88' lang='lat' dir='ltr'><strong>haberi</strong></span> <span class='ocrx_word' id='word_1_241' title='bbox 428 2792 620 2851; x_wconf 89' lang='lat' dir='ltr'><strong>possint.</strong></span> <span class='ocrx_word' id='word_1_242' title='bbox 694 2794 809 2839; x_wconf 87' lang='lat' dir='ltr'><strong>Sunt</strong></span> <span class='ocrx_word' id='word_1_243' title='bbox 846 2805 928 2839; x_wconf 91' lang='lat' dir='ltr'><strong>eae</strong></span> <span class='ocrx_word' id='word_1_244' title='bbox 975 2793 1126 2840; x_wconf 90' lang='lat' dir='ltr'><strong>lineae</strong></span> <span class='ocrx_word' id='word_1_245' title='bbox 1162 2796 1390 2841; x_wconf 84' lang='lat' dir='ltr'><strong>extremae</strong></span> <span class='ocrx_word' id='word_1_246' title='bbox 1427 2796 1589 2841; x_wconf 84' lang='lat' dir='ltr'><strong>tenues</strong></span> <span class='ocrx_word' id='word_1_247' title='bbox 1636 2807 1739 2841; x_wconf 91' lang='lat' dir='ltr'><strong>cum</strong></span> <span class='ocrx_word' id='word_1_248' title='bbox 1783 2794 2007 2851; x_wconf 82' lang='lat' dir='ltr'><strong>segmenti</strong></span> 
     </span>
     <span class='ocr_line' id='line_1_31' title="bbox 232 2884 2002 2950; baseline 0.001 -20"><span class='ocrx_word' id='word_1_249' title='bbox 232 2896 323 2930; x_wconf 91' lang='lat' dir='ltr'><strong>non</strong></span> <span class='ocrx_word' id='word_1_250' title='bbox 360 2884 873 2950; x_wconf 22' lang='lat' dir='ltr'><strong>commutatitlimitibus</strong></span> <span class='ocrx_word' id='word_1_251' title='bbox 910 2897 1057 2944; x_wconf 86' lang='lat' dir='ltr'><strong>prope</strong></span> <span class='ocrx_word' id='word_1_252' title='bbox 1095 2888 1419 2944; x_wconf 73' lang='lat' dir='ltr'><strong>congruentes</strong></span> <span class='ocrx_word' id='word_1_253' title='bbox 1493 2884 1634 2945; x_wconf 80' lang='lat' dir='ltr'><strong>Quod</strong></span> <span class='ocrx_word' id='word_1_254' title='bbox 1667 2899 1806 2946; x_wconf 91' lang='lat' dir='ltr'><strong>quum</strong></span> <span class='ocrx_word' id='word_1_255' title='bbox 1842 2886 1906 2933; x_wconf 84' lang='lat' dir='ltr'><strong>ita</strong></span> <span class='ocrx_word' id='word_1_256' title='bbox 1931 2886 2002 2943; x_wconf 86' lang='lat' dir='ltr'><strong>sit,</strong></span> 
     </span>
     <span class='ocr_line' id='line_1_32' title="bbox 231 2976 2001 3038; baseline 0.001 -15"><span class='ocrx_word' id='word_1_257' title='bbox 231 2976 473 3023; x_wconf 91' lang='lat' dir='ltr'><strong>verisimile</strong></span> <span class='ocrx_word' id='word_1_258' title='bbox 511 2979 605 3033; x_wconf 90' lang='lat' dir='ltr'><strong>est,</strong></span> <span class='ocrx_word' id='word_1_259' title='bbox 643 2977 974 3024; x_wconf 87' lang='lat' dir='ltr'><strong>fasciculorum</strong></span> <span class='ocrx_word' id='word_1_260' title='bbox 1011 2979 1314 3025; x_wconf 89' lang='lat' dir='ltr'><strong>substantiam</strong></span> <span class='ocrx_word' id='word_1_261' title='bbox 1350 2978 1611 3025; x_wconf 85' lang='lat' dir='ltr'><strong>corticalem</strong></span> <span class='ocrx_word' id='word_1_262' title='bbox 1647 2978 1804 3038; x_wconf 90' lang='lat' dir='ltr'><strong>paullo</strong></span> <span class='ocrx_word' id='word_1_263' title='bbox 1840 2978 2001 3036; x_wconf 81' lang='lat' dir='ltr'><strong>magiS,</strong></span> 
     </span>
     <span class='ocr_line' id='line_1_33' title="bbox 233 3068 2003 3131; baseline 0.003 -18"><span class='ocrx_word' id='word_1_264' title='bbox 233 3081 368 3127; x_wconf 90' lang='lat' dir='ltr'><strong>quam</strong></span> <span class='ocrx_word' id='word_1_265' title='bbox 405 3068 541 3115; x_wconf 91' lang='lat' dir='ltr'><strong>telam</strong></span> <span class='ocrx_word' id='word_1_266' title='bbox 579 3068 918 3129; x_wconf 85' lang='lat' dir='ltr'><strong>conjunctivam</strong></span> <span class='ocrx_word' id='word_1_267' title='bbox 953 3070 995 3117; x_wconf 91' lang='lat' dir='ltr'><strong>ei</strong></span> <span class='ocrx_word' id='word_1_268' title='bbox 1032 3071 1280 3127; x_wconf 86' lang='lat' dir='ltr'><strong>inclusam,</strong></span> <span class='ocrx_word' id='word_1_269' title='bbox 1328 3072 1515 3118; x_wconf 84' lang='lat' dir='ltr'><strong>effectui</strong></span> <span class='ocrx_word' id='word_1_270' title='bbox 1550 3071 1645 3118; x_wconf 90' lang='lat' dir='ltr'><strong>kali</strong></span> <span class='ocrx_word' id='word_1_271' title='bbox 1679 3071 1858 3131; x_wconf 85' lang='lat' dir='ltr'><strong>hydrici</strong></span> <span class='ocrx_word' id='word_1_272' title='bbox 1893 3070 2003 3118; x_wconf 91' lang='lat' dir='ltr'><strong>resi-</strong></span> 
     </span>
    </p>
   </div>
   <div class='ocr_carea' id='block_1_4' title="bbox 364 3271 1935 3322">
    <p class='ocr_par' dir='ltr' id='par_1_6' title="bbox 364 3271 1935 3322">
     <span class='ocr_line' id='line_1_34' title="bbox 364 3271 1935 3322; baseline 0.004 -17"><span class='ocrx_word' id='word_1_273' title='bbox 364 3271 404 3313; x_wconf 87' lang='lat'><strong>1)</strong></span> <span class='ocrx_word' id='word_1_274' title='bbox 452 3271 624 3317; x_wconf 86' lang='lat' dir='ltr'><strong>Exempl.</strong></span> <span class='ocrx_word' id='word_1_275' title='bbox 652 3276 745 3318; x_wconf 83' lang='lat' dir='ltr'><strong>grat.</strong></span> <span class='ocrx_word' id='word_1_276' title='bbox 774 3283 796 3308; x_wconf 86' lang='lat' dir='ltr'><strong>a</strong></span> <span class='ocrx_word' id='word_1_277' title='bbox 819 3273 995 3319; x_wconf 86' lang='lat' dir='ltr'><strong>Klopsch.</strong></span> <span class='ocrx_word' id='word_1_278' title='bbox 1045 3274 1252 3310; x_wconf 82' lang='lat' dir='ltr'><strong>Miiller&#39;s</strong></span> <span class='ocrx_word' id='word_1_279' title='bbox 1276 3274 1429 3320; x_wconf 86' lang='lat' dir='ltr'><strong>Archiv,</strong></span> <span class='ocrx_word' id='word_1_280' title='bbox 1456 3275 1584 3321; x_wconf 74' lang='lat' dir='ltr'><strong>Jahrg.</strong></span> <span class='ocrx_word' id='word_1_281' title='bbox 1612 3274 1721 3319; x_wconf 77' lang='lat'><strong>1857,</strong></span> <span class='ocrx_word' id='word_1_282' title='bbox 1747 3287 1831 3322; x_wconf 82' lang='lat' dir='ltr'><strong>pag.</strong></span> <span class='ocrx_word' id='word_1_283' title='bbox 1857 3275 1935 3312; x_wconf 77' lang='lat'><strong>417.</strong></span> 
     </span>
    </p>
   </div>
  </div>
 </body>
</html>
